
@Article{IC443,
     author    = "Abdo, A. A.",
     title     = "{Observation of Supernova Remnant IC443 with the Fermi
                  Large Area Telescope}",
     journal   = "Astrophys. J.",
     volume    = "712",
     year      = "2010",
     pages     = "459-468",
     eprint    = "1002.2198",
     archivePrefix = "arXiv",
     primaryClass  =  "astro-ph.HE",
     doi       = "10.1088/0004-637X/712/1/459",
     SLACcitation  = "%%CITATION = 1002.2198;%%"
}


@Article{W51C,
     author    = "Abdo, A. A. and others",
 collaboration = "Fermi LAT",
     title     = "{Fermi-LAT Discovery of Extended Gamma-ray Emission in the
                  Direction of Supernova Remnant W51C}",
     journal   = "Astrophys. J.",
     volume    = "706",
     year      = "2009",
     pages     = "L1-L6",
     eprint    = "0910.0908",
     archivePrefix = "arXiv",
     primaryClass  =  "astro-ph.HE",
     doi       = "10.1088/0004-637X/706/1/L1",
     SLACcitation  = "%%CITATION = 0910.0908;%%"
}

@Article{MSH15-52,
     author    = "Abdo, A. A. and others",
     title     = "{Detection of the energetic pulsar PSR B1509-58 and its
                  pulsar wind nebula in MSH 15-52 using the Fermi-Large Area
                  Telescope}",
     journal   = "Astrophys. J.",
     volume    = "714",
     year      = "2010",
     pages     = "927-936",
     eprint    = "1003.3833",
     archivePrefix = "arXiv",
     primaryClass  =  "astro-ph.HE",
     doi       = "10.1088/0004-637X/714/1/927",
     SLACcitation  = "%%CITATION = 1003.3833;%%"
}

@Article{VelaX,
     author    = ", and Consortium, Pulsar Timing",
 collaboration = "The Fermi LAT",
     title     = "{Fermi Large Area Telescope observations of the Vela-X
                  Pulsar Wind Nebula}",
     journal   = "Astrophys. J.",
     volume    = "713",
     year      = "2010",
     pages     = "146-153",
     eprint    = "1002.4383",
     archivePrefix = "arXiv",
     primaryClass  =  "astro-ph.HE",
     doi       = "10.1088/0004-637X/713/1/146",
     SLACcitation  = "%%CITATION = 1002.4383;%%"
}

 
@Article{HESS_plane_survey,
     author    = "Aharonian, F. and others",
 collaboration = "HESS",
     title     = "{The H.E.S.S. survey of the Inner Galaxy in very high-
                  energy gamma-rays}",
     journal   = "Astrophys. J.",
     volume    = "636",
     year      = "2006",
     pages     = "777-797",
     eprint    = "astro-ph/0510397",
     archivePrefix = "arXiv",
     doi       = "10.1086/498013",
     SLACcitation  = "%%CITATION = ASTRO-PH/0510397;%%"
}


@Article{matthew_kerr_phd_thesis,
     author    = "Kerr, Matthew",
     title     = "{Likelihood Methods for the Detection and Characterization
                  of Gamma-ray Pulsars with the Fermi Large Area Telescope}",
     year      = "2011",
     eprint    = "1101.6072",
     archivePrefix = "arXiv",
     primaryClass  =  "astro-ph.IM",
     SLACcitation  = "%%CITATION = 1101.6072;%%"
}

@Article{minuit_documentation,
     author    = "James, F. and Roos, M.",
     title     = "{Minuit: A System for Function Minimization and Analysis of
                  the Parameter Errors and Correlations}",
     journal   = "Comput. Phys. Commun.",
     volume    = "10",
     year      = "1975",
     pages     = "343-367",
     doi       = "10.1016/0010-4655(75)90039-9",
     SLACcitation  = "%%CITATION = CPHCB,10,343;%%"
}

@article{wilks_theorem,
    author = {Wilks, S. S.},
    title = {The large-sample distribution of the likelihood ratio for testing composite hypotheses},
    journal = {Annals of Mathematical Statistics},
    year = {1938},
    volume = {9},
    pages = {60-62},
}

@ARTICLE{warn_wilks_theorem,
   author = {{Protassov}, R. and {van Dyk}, D.~A. and {Connors}, A. and {Kashyap}, V.~L. and 
  {Siemiginowska}, A.},
    title = "{Statistics, Handle with Care: Detecting Multiple Model Components with the Likelihood Ratio Test}",
  journal = {\apj},
   eprint = {arXiv:astro-ph/0201547},
 keywords = {Methods: Statistical},
     year = 2002,
    month = may,
   volume = 571,
    pages = {545-559},
      doi = {10.1086/339856},
   adsurl = {http://adsabs.harvard.edu/abs/2002ApJ...571..545P},
  adsnote = {Provided by the SAO/NASA Astrophysics Data System}
}


