@ARTICLE{2005ApJ...622..759G,
   author = {{G{\'o}rski}, K.~M. and {Hivon}, E. and {Banday}, A.~J. and 
	{Wandelt}, B.~D. and {Hansen}, F.~K. and {Reinecke}, M. and 
	{Bartelmann}, M.},
    title = "{HEALPix: A Framework for High-Resolution Discretization and Fast Analysis of Data Distributed on the Sphere}",
  journal = {\apj},
   eprint = {arXiv:astro-ph/0409513},
 keywords = {Cosmology: Cosmic Microwave Background, Cosmology: Observations, Methods: Statistical},
     year = 2005,
    month = apr,
   volume = 622,
    pages = {759-771},
      doi = {10.1086/427976},
   adsurl = {http://adsabs.harvard.edu/abs/2005ApJ...622..759G},
  adsnote = {Provided by the SAO/NASA Astrophysics Data System}
}
@ARTICLE{2009ApJ...700L.127A,
   author = {{Abdo}, A.~A. and {Allen}, B.~T. and {Aune}, T. and {Berley}, D. and 
	{Chen}, C. and {Christopher}, G.~E. and {DeYoung}, T. and {Dingus}, B.~L. and 
	{Ellsworth}, R.~W. and {Gonzalez}, M.~M. and {Goodman}, J.~A. and 
	{Hays}, E. and {Hoffman}, C.~M. and {H{\"u}ntemeyer}, P.~H. and 
	{Kolterman}, B.~E. and {Linnemann}, J.~T. and {McEnery}, J.~E. and 
	{Morgan}, T. and {Mincer}, A.~I. and {Nemethy}, P. and {Pretz}, J. and 
	{Ryan}, J.~M. and {Saz Parkinson}, P.~M. and {Shoup}, A. and 
	{Sinnis}, G. and {Smith}, A.~J. and {Vasileiou}, V. and {Walker}, G.~P. and 
	{Williams}, D.~A. and {Yodh}, G.~B.},
    title = "{Milagro Observations of Multi-TeV Emission from Galactic Sources in the Fermi Bright Source List}",
  journal = {\apjl},
archivePrefix = "arXiv",
   eprint = {0904.1018},
 primaryClass = "astro-ph.HE",
 keywords = {gamma rays: observations, pulsars: general, supernova remnants},
     year = 2009,
    month = aug,
   volume = 700,
    pages = {L127-L131},
      doi = {10.1088/0004-637X/700/2/L127},
   adsurl = {http://adsabs.harvard.edu/abs/2009ApJ...700L.127A},
  adsnote = {Provided by the SAO/NASA Astrophysics Data System}
}
@ARTICLE{2011arXiv1111.2591M,
   author = {{McArthur}, S. et al.},
    title = "{VHE Observation of CTA 1 with VERITAS}",
  journal = {ArXiv e-prints},
archivePrefix = "arXiv",
   eprint = {1111.2591},
 primaryClass = "astro-ph.HE",
 keywords = {Astrophysics - High Energy Astrophysical Phenomena},
     year = 2011,
    month = nov,
   adsurl = {http://adsabs.harvard.edu/abs/2011arXiv1111.2591M},
  adsnote = {Provided by the SAO/NASA Astrophysics Data System}
}
@ARTICLE{2010ApJ...719L..69A,
   author = {{Acciari}, V.~A. and {Aliu}, E. and {Arlen}, T. and {Aune}, T. and 
	{Bautista}, M. and {Beilicke}, M. and {Benbow}, W. and {Boltuch}, D. and 
	{Bradbury}, S.~M. and {Buckley}, J.~H. and {Bugaev}, V. and 
	{Butt}, Y. and {Byrum}, K. and {Cesarini}, A. and {Ciupik}, L. and 
	{Cui}, W. and {Dickherber}, R. and {Duke}, C. and {Finley}, J.~P. and 
	{Finnegan}, G. and {Fortson}, L. and {Furniss}, A. and {Galante}, N. and 
	{Gall}, D. and {Gillanders}, G.~H. and {Godambe}, S. and {Gotthelf}, E.~V. and 
	{Grube}, J. and {Guenette}, R. and {Gyuk}, G. and {Hanna}, D. and 
	{Holder}, J. and {Hui}, C.~M. and {Humensky}, T.~B. and {Imran}, A. and 
	{Kaaret}, P. and {Karlsson}, N. and {Kertzman}, M. and {Kieda}, D. and 
	{Konopelko}, A. and {Krawczynski}, H. and {Krennrich}, F. and 
	{Lang}, M.~J. and {LeBohec}, S. and {Maier}, G. and {McArthur}, S. and 
	{McCann}, A. and {McCutcheon}, M. and {Moriarty}, P. and {Muhkerjee}, R. and 
	{Ong}, R.~A. and {Otte}, A.~N. and {Pandel}, D. and {Perkins}, J.~S. and 
	{Pohl}, M. and {Quinn}, J. and {Ragan}, K. and {Reyes}, L.~C. and 
	{Reynolds}, P.~T. and {Roache}, E. and {Rose}, H.~J. and {Schroedter}, M. and 
	{Sembroski}, G.~H. and {Senturk}, G.~D. and {Slane}, P. and 
	{Smith}, A.~W. and {Steele}, D. and {Swordy}, S.~P. and {T{\v e}si{\'c}}, G. and 
	{Theiling}, M. and {Thibadeau}, S. and {Vassiliev}, V.~V. and 
	{Vincent}, S. and {Wakely}, S.~P. and {Ward}, J.~E. and {Weekes}, T.~C. and 
	{Weinstein}, A. and {Weisgarber}, T. and {Williams}, D.~A. and 
	{Wissel}, S. and {Wood}, M. and {Zitzer}, B.},
    title = "{Discovery of Very High Energy {$\gamma$}-ray Emission from the SNR G54.1+0.3}",
  journal = {\apjl},
archivePrefix = "arXiv",
   eprint = {1005.0032},
 primaryClass = "astro-ph.HE",
 keywords = {gamma rays: general, ISM: supernova remnants, pulsars: individual: J1930+1852 J1928+1746},
     year = 2010,
    month = aug,
   volume = 719,
    pages = {L69-L73},
      doi = {10.1088/2041-8205/719/1/L69},
   adsurl = {http://adsabs.harvard.edu/abs/2010ApJ...719L..69A},
  adsnote = {Provided by the SAO/NASA Astrophysics Data System}
}
@ARTICLE{2009ApJ...700L.127A,
   author = {{Abdo}, A.~A. and {Allen}, B.~T. and {Aune}, T. and {Berley}, D. and 
	{Chen}, C. and {Christopher}, G.~E. and {DeYoung}, T. and {Dingus}, B.~L. and 
	{Ellsworth}, R.~W. and {Gonzalez}, M.~M. and {Goodman}, J.~A. and 
	{Hays}, E. and {Hoffman}, C.~M. and {H{\"u}ntemeyer}, P.~H. and 
	{Kolterman}, B.~E. and {Linnemann}, J.~T. and {McEnery}, J.~E. and 
	{Morgan}, T. and {Mincer}, A.~I. and {Nemethy}, P. and {Pretz}, J. and 
	{Ryan}, J.~M. and {Saz Parkinson}, P.~M. and {Shoup}, A. and 
	{Sinnis}, G. and {Smith}, A.~J. and {Vasileiou}, V. and {Walker}, G.~P. and 
	{Williams}, D.~A. and {Yodh}, G.~B.},
    title = "{Milagro Observations of Multi-TeV Emission from Galactic Sources in the Fermi Bright Source List}",
  journal = {\apjl},
archivePrefix = "arXiv",
   eprint = {0904.1018},
 primaryClass = "astro-ph.HE",
 keywords = {gamma rays: observations, pulsars: general, supernova remnants},
     year = 2009,
    month = aug,
   volume = 700,
    pages = {L127-L131},
      doi = {10.1088/0004-637X/700/2/L127},
   adsurl = {http://adsabs.harvard.edu/abs/2009ApJ...700L.127A},
  adsnote = {Provided by the SAO/NASA Astrophysics Data System}
}
@ARTICLE{2012arXiv1203.3215H,
   author = { {Abramowski}, A. and {Acero}, F. and 
	{Aharonian}, F. and {Akhperjanian}, A.~G. and {Anton}, G. and 
	{Balzer}, A. and {Barnacka}, A. and {Barres de Almeida}, U. and 
	{Becherini}, Y. and {Becker}, J. and {Behera}, B. and {Bernl{\"o}hr}, K. and 
	{Birsin}, E. and {Biteau}, J. and {Bochow}, A. and {Boisson}, C. and 
	{Bolmont}, J. and {Bordas}, P. and {Brucker}, J. and {Brun}, F. and 
	{Brun}, P. and {Bulik}, T. and {B{\"u}sching}, I. and {Carrigan}, S. and 
	{Casanova}, S. and {Cerruti}, M. and {Chadwick}, P.~M. and {Charbonnier}, A. and 
	{Chaves}, R.~C.~G. and {Cheesebrough}, A. and {Clapson}, A.~C. and 
	{Coignet}, G. and {Cologna}, G. and {Conrad}, J. and {Dalton}, M. and 
	{Daniel}, M.~K. and {Davids}, I.~D. and {Degrange}, B. and {Deil}, C. and 
	{Dickinson}, H.~J. and {Djannati-Ata{\"i}}, A. and {Domainko}, W. and 
	{O'C.~Drury}, L. and {Dubus}, G. and {Dutson}, K. and {Dyks}, J. and 
	{Dyrda}, M. and {Egberts}, K. and {Eger}, P. and {Espigat}, P. and 
	{Fallon}, L. and {Farnier}, C. and {Fegan}, S. and {Feinstein}, F. and 
	{Fernandes}, M.~V. and {Fiasson}, A. and {Fontaine}, G. and 
	{F{\"o}rster}, A. and {F{\"u}{\ss}ling}, M. and {Gallant}, Y.~A. and 
	{Gast}, H. and {G{\'e}rard}, L. and {Gerbig}, D. and {Giebels}, B. and 
	{Glicenstein}, J.~F. and {Gl{\"u}ck}, B. and {Goret}, P. and 
	{G{\"o}ring}, D. and {H{\"a}ffner}, S. and {Hague}, J.~D. and 
	{Hampf}, D. and {Hauser}, M. and {Heinz}, S. and {Heinzelmann}, G. and 
	{Henri}, G. and {Hermann}, G. and {Hinton}, J.~A. and {Hoffmann}, A. and 
	{Hofmann}, W. and {Hofverberg}, P. and {Holler}, M. and {Horns}, D. and 
	{Jacholkowska}, A. and {de Jager}, O.~C. and {Jahn}, C. and 
	{Jamrozy}, M. and {Jung}, I. and {Kastendieck}, M.~A. and {Katarzy{\'n}ski}, K. and 
	{Katz}, U. and {Kaufmann}, S. and {Keogh}, D. and {Khangulyan}, D. and 
	{Kh{\'e}lifi}, B. and {Klochkov}, D. and {Klu{\'z}niak}, W. and 
	{Kneiske}, T. and {Komin}, N. and {Kosack}, K. and {Kossakowski}, R. and 
	{Laffon}, H. and {Lamanna}, G. and {Lennarz}, D. and {Lohse}, T. and 
	{Lopatin}, A. and {Lu}, C.-C. and {Marandon}, V. and {Marcowith}, A. and 
	{Masbou}, J. and {Maurin}, D. and {Maxted}, N. and {Mayer}, M. and 
	{McComb}, T.~J.~L. and {Medina}, M.~C. and {M{\'e}hault}, J. and 
	{Moderski}, R. and {Moulin}, E. and {Naumann}, C.~L. and {Naumann-Godo}, M. and 
	{de Naurois}, M. and {Nedbal}, D. and {Nekrassov}, D. and {Nguyen}, N. and 
	{Nicholas}, B. and {Niemiec}, J. and {Nolan}, S.~J. and {Ohm}, S. and 
	{de O{\~n}a Wilhelmi}, E. and {Opitz}, B. and {Ostrowski}, M. and 
	{Oya}, I. and {Panter}, M. and {Paz Arribas}, M. and {Pedaletti1}, G. and 
	{Pelletier}, G. and {Petrucci}, P.-O. and {Pita}, S. and {P{\"u}hlhofer}, G. and 
	{Punch}, M. and {Quirrenbach}, A. and {Raue}, M. and {Rayner}, S.~M. and 
	{Reimer}, A. and {Reimer}, O. and {Renaud}, M. and {de los Reyes}, R. and 
	{Rieger}, F. and {Ripken}, J. and {Rob}, L. and {Rosier-Lees}, S. and 
	{Rowell}, G. and {Rudak}, B. and {Rulten}, C.~B. and {Ruppel}, J. and 
	{Sahakian}, V. and {Sanchez}, D.~A. and {Santangelo}, A. and 
	{Schlickeiser}, R. and {Sch{\"o}ck}, F.~M. and {Schulz}, A. and 
	{Schwanke}, U. and {Schwarzburg}, S. and {Schwemmer}, S. and 
	{Sheidaei}, F. and {Skilton}, J.~L. and {Sol}, H. and {Spengler}, G. and 
	{Stawarz}, {\L}. and {Steenkamp}, R. and {Stegmann}, C. and 
	{Stinzing}, F. and {Stycz}, K. and {Sushch}, I. and {Szostek}, A. and 
	{Tavernet}, J.-P. and {Terrier}, R. and {Tluczykont}, M. and 
	{Valerius}, K. and {van Eldik}, C. and {Vasileiadis}, G. and 
	{Venter}, C. and {Vialle}, J.~P. and {Viana}, A. and {Vincent}, P. and 
	{V{\"o}lk}, H.~J. and {Volpe}, F. and {Vorobiov}, S. and {Vorster}, M. and 
	{Wagner}, S.~J. and {Ward}, M. and {White}, R. and {Wierzcholska}, A. and 
	{Zacharias}, M. and {Zajczyk}, A. and {Zdziarski}, A.~A. and 
	{Zech}, A. and {Zechlin}, H.-S.},
    title = "{Discovery of VHE emission towards the Carina arm region with the H.E.S.S. telescope array: HESS J1018-589}",
  journal = {ArXiv e-prints},
archivePrefix = "arXiv",
   eprint = {1203.3215},
 primaryClass = "astro-ph.HE",
 keywords = {Astrophysics - High Energy Astrophysical Phenomena},
     year = 2012,
    month = mar,
   adsurl = {http://adsabs.harvard.edu/abs/2012arXiv1203.3215H},
  adsnote = {Provided by the SAO/NASA Astrophysics Data System}
}
@ARTICLE{2011AA...525A..46H,
   author = {{Abramowski}, A. and {Acero}, F. and 
	{Aharonian}, F. and {Akhperjanian}, A.~G. and {Anton}, G. and 
	{Barnacka}, A. and {Barres de Almeida}, U. and {Bazer-Bachi}, A.~R. and 
	{Becherini}, Y. and {Becker}, J. and {Behera}, B. and {Bernl{\"o}hr}, K. and 
	{Bochow}, A. and {Boisson}, C. and {Bolmont}, J. and {Bordas}, P. and 
	{Borrel}, V. and {Brucker}, J. and {Brun}, F. and {Brun}, P. and 
	{Bulik}, T. and {B{\"u}sching}, I. and {Boutelier}, T. and {Casanova}, S. and 
	{Cerruti}, M. and {Chadwick}, P.~M. and {Charbonnier}, A. and 
	{Chaves}, R.~C.~G. and {Cheesebrough}, A. and {Conrad}, J. and 
	{Chounet}, L.-M. and {Clapson}, A.~C. and {Coignet}, G. and 
	{Dalton}, M. and {Daniel}, M.~K. and {Davids}, I.~D. and {Degrange}, B. and 
	{Deil}, C. and {Dickinson}, H.~J. and {Djannati-Ata{\"i}}, A. and 
	{Domainko}, W. and {Drury}, L.~O. and {Dubois}, F. and {Dubus}, G. and 
	{Dyks}, J. and {Dyrda}, M. and {Egberts}, K. and {Eger}, P. and 
	{Espigat}, P. and {Fallon}, L. and {Farnier}, C. and {Fegan}, S. and 
	{Feinstein}, F. and {Fernandes}, M.~V. and {Fiasson}, A. and 
	{F{\"o}rster}, A. and {Fontaine}, G. and {F{\"u}{\ss}ling}, M. and 
	{Gabici}, S. and {Gallant}, Y.~A. and {G{\'e}rard}, L. and {Gerbig}, D. and 
	{Giebels}, B. and {Glicenstein}, J.~F. and {Gl{\"u}ck}, B. and 
	{Goret}, P. and {G{\"o}ring}, D. and {Hague}, J.~D. and {Hampf}, D. and 
	{Hauser}, M. and {Heinz}, S. and {Heinzelmann}, G. and {Henri}, G. and 
	{Hermann}, G. and {Hinton}, J.~A. and {Hoffmann}, A. and {Hofmann}, W. and 
	{Hofverberg}, P. and {Holleran}, M. and {Hoppe}, S. and {Horns}, D. and 
	{Jacholkowska}, A. and {de Jager}, O.~C. and {Jahn}, C. and 
	{Jung}, I. and {Katarzy{\'n}ski}, K. and {Katz}, U. and {Kaufmann}, S. and 
	{Kerschhaggl}, M. and {Khangulyan}, D. and {Kh{\'e}lifi}, B. and 
	{Keogh}, D. and {Klochkov}, D. and {Klu{\'z}niak}, W. and {Kneiske}, T. and 
	{Komin}, N. and {Kosack}, K. and {Kossakowski}, R. and {Lamanna}, G. and 
	{Lenain}, J.-P. and {Lennarz}, D. and {Lohse}, T. and {Lu}, C.-C. and 
	{Marandon}, V. and {Marcowith}, A. and {Masbou}, J. and {Maurin}, D. and 
	{McComb}, T.~J.~L. and {Medina}, M.~C. and {M{\'e}hault}, J. and 
	{Moderski}, R. and {Moulin}, E. and {Naumann-Godo}, M. and {de Naurois}, M. and 
	{Nedbal}, D. and {Nekrassov}, D. and {Nguyen}, N. and {Nicholas}, B. and 
	{Niemiec}, J. and {Nolan}, S.~J. and {Ohm}, S. and {Olive}, J.-F. and 
	{de O{\~n}a Wilhelmi}, E. and {Opitz}, B. and {Orford}, K.~J. and 
	{Ostrowski}, M. and {Panter}, M. and {Paz Arribas}, M. and {Pedaletti}, G. and 
	{Pelletier}, G. and {Petrucci}, P.-O. and {Pita}, S. and {P{\"u}hlhofer}, G. and 
	{Punch}, M. and {Quirrenbach}, A. and {Raubenheimer}, B.~C. and 
	{Raue}, M. and {Rayner}, S.~M. and {Reimer}, O. and {Reimer}, A. and 
	{Renaud}, M. and {de los Reyes}, R. and {Rieger}, F. and {Ripken}, J. and 
	{Rob}, L. and {Rosier-Lees}, S. and {Rowell}, G. and {Rudak}, B. and 
	{Rulten}, C.~B. and {Ruppel}, J. and {Ryde}, F. and {Sahakian}, V. and 
	{Santangelo}, A. and {Schlickeiser}, R. and {Sch{\"o}ck}, F.~M. and 
	{Sch{\"o}nwald}, A. and {Schwanke}, U. and {Schwarzburg}, S. and 
	{Schwemmer}, S. and {Shalchi}, A. and {Sushch}, I. and {Sikora}, M. and 
	{Skilton}, J.~L. and {Sol}, H. and {Spengler}, G. and {Stawarz}, {\L}. and 
	{Steenkamp}, R. and {Stegmann}, C. and {Stinzing}, F. and {Szostek}, A. and 
	{Tam}, P.~H. and {Tavernet}, J.-P. and {Terrier}, R. and {Tibolla}, O. and 
	{Tluczykont}, M. and {Valerius}, K. and {van Eldik}, C. and 
	{Vasileiadis}, G. and {Venter}, C. and {Vialle}, J.~P. and {Vincent}, P. and 
	{Vivier}, M. and {V{\"o}lk}, H.~J. and {Volpe}, F. and {Wagner}, S.~J. and 
	{Ward}, M. and {Zdziarski}, A.~A. and {Zech}, A. and {Zechlin}, H.-S. and 
	{Fukui}, Y. and {Furukawa}, N. and {Ohama}, A. and {Sano}, H. and 
	{Dawson}, J. and {Kawamura}, A and {H.E.S.S.~Collaboration}},
    title = "{Revisiting the Westerlund 2 field with the HESS telescope array}",
  journal = {\aap},
archivePrefix = "arXiv",
   eprint = {1009.3012},
 primaryClass = "astro-ph.HE",
 keywords = {gamma rays: stars, HII regions},
     year = 2011,
    month = jan,
   volume = 525,
      eid = {A46},
    pages = {A46},
      doi = {10.1051/0004-6361/201015290},
   adsurl = {http://adsabs.harvard.edu/abs/2011A%26A...525A..46H},
  adsnote = {Provided by the SAO/NASA Astrophysics Data System}
}
@ARTICLE{2005AA...439.1013A,
   author = {{Aharonian}, F. and {Akhperjanian}, A.~G. and {Aye}, K.-M. and 
	{Bazer-Bachi}, A.~R. and {Beilicke}, M. and {Benbow}, W. and 
	{Berge}, D. and {Berghaus}, P. and {Bernl{\"o}hr}, K. and {Boisson}, C. and 
	{Bolz}, O. and {Braun}, I. and {Breitling}, F. and {Brown}, A.~M. and 
	{Bussons Gordo}, J. and {Chadwick}, P.~M. and {Chounet}, L.-M. and 
	{Cornils}, R. and {Costamante}, L. and {Degrange}, B. and {Djannati-Ata{\"i}}, A. and 
	{O'C.~Drury}, L. and {Dubus}, G. and {Emmanoulopoulos}, D. and 
	{Espigat}, P. and {Feinstein}, F. and {Fleury}, P. and {Fontaine}, G. and 
	{Fuchs}, Y. and {Funk}, S. and {Gallant}, Y.~A. and {Giebels}, B. and 
	{Gillessen}, S. and {Glicenstein}, J.~F. and {Goret}, P. and 
	{Hadjichristidis}, C. and {Hauser}, M. and {Heinzelmann}, G. and 
	{Henri}, G. and {Hermann}, G. and {Hinton}, J.~A. and {Hofmann}, W. and 
	{Holleran}, M. and {Horns}, D. and {de Jager}, O.~C. and {Kh{\'e}lifi}, B. and 
	{Komin}, N. and {Konopelko}, A. and {Latham}, I.~J. and {Le Gallou}, R. and 
	{Lemi{\`e}re}, A. and {Lemoine-Goumard}, M. and {Leroy}, N. and 
	{Lohse}, T. and {Martineau-Huynh}, O. and {Marcowith}, A. and 
	{Masterson}, C. and {McComb}, T.~J.~L. and {de Naurois}, M. and 
	{Nolan}, S.~J. and {Noutsos}, A. and {Orford}, K.~J. and {Osborne}, J.~L. and 
	{Ouchrif}, M. and {Panter}, M. and {Pelletier}, G. and {Pita}, S. and 
	{P{\"u}hlhofer}, G. and {Punch}, M. and {Raubenheimer}, B.~C. and 
	{Raue}, M. and {Raux}, J. and {Rayner}, S.~M. and {Redondo}, I. and 
	{Reimer}, A. and {Reimer}, O. and {Ripken}, J. and {Rob}, L. and 
	{Rolland}, L. and {Rowell}, G. and {Sahakian}, V. and {Saug{\'e}}, L. and 
	{Schlenker}, S. and {Schlickeiser}, R. and {Schuster}, C. and 
	{Schwanke}, U. and {Siewert}, M. and {Sol}, H. and {Steenkamp}, R. and 
	{Stegmann}, C. and {Tavernet}, J.-P. and {Terrier}, R. and {Th{\'e}oret}, C.~G. and 
	{Tluczykont}, M. and {van der Walt}, D.~J. and {Vasileiadis}, G. and 
	{Venter}, C. and {Vincent}, P. and {V{\"o}lk}, H.~J. and {Wagner}, S.~J.
	},
    title = "{Serendipitous discovery of the unidentified extended TeV {$\gamma$}-ray source HESS J1303-631}",
  journal = {\aap},
   eprint = {arXiv:astro-ph/0505219},
 keywords = {gamma rays: observations, Galaxy: disk},
     year = 2005,
    month = sep,
   volume = 439,
    pages = {1013-1021},
      doi = {10.1051/0004-6361:20053195},
   adsurl = {http://adsabs.harvard.edu/abs/2005A%26A...439.1013A},
  adsnote = {Provided by the SAO/NASA Astrophysics Data System}
}
@ARTICLE{2011AA...533A.103H,
   author = {{Abramowski}, A. and {Acero}, F. and 
	{Aharonian}, F. and {Akhperjanian}, A.~G. and {Anton}, G. and 
	{Balzer}, A. and {Barnacka}, A. and {Barres de Almeida}, U. and 
	{Becherini}, Y. and {Becker}, J. and {Behera}, B. and {Bernl{\"o}hr}, K. and 
	{Bochow}, A. and {Boisson}, C. and {Bolmont}, J. and {Bordas}, P. and 
	{Brucker}, J. and {Brun}, F. and {Brun}, P. and {Bulik}, T. and 
	{B{\"u}sching}, I. and {Carrigan}, S. and {Casanova}, S. and 
	{Cerruti}, M. and {Chadwick}, P.~M. and {Charbonnier}, A. and 
	{Chaves}, R.~C.~G. and {Cheesebrough}, A. and {Chounet}, L.-M. and 
	{Clapson}, A.~C. and {Coignet}, G. and {Cologna}, G. and {Conrad}, J. and 
	{Dalton}, M. and {Daniel}, M.~K. and {Davids}, I.~D. and {Degrange}, B. and 
	{Deil}, C. and {Dickinson}, H.~J. and {Djannati-Ata{\"i}}, A. and 
	{Domainko}, W. and {O'C.~Drury}, L. and {Dubois}, F. and {Dubus}, G. and 
	{Dutson}, K. and {Dyks}, J. and {Dyrda}, M. and {Egberts}, K. and 
	{Eger}, P. and {Espigat}, P. and {Fallon}, L. and {Farnier}, C. and 
	{Fegan}, S. and {Feinstein}, F. and {Fernandes}, M.~V. and {Fiasson}, A. and 
	{Fontaine}, G. and {F{\"o}rster}, A. and {F{\"u}ssling}, M. and 
	{Gallant}, Y.~A. and {Gast}, H. and {G{\'e}rard}, L. and {Gerbig}, D. and 
	{Giebels}, B. and {Glicenstein}, J.~F. and {Gl{\"u}ck}, B. and 
	{Goret}, P. and {G{\"o}ring}, D. and {H{\"a}ffner}, S. and {Hague}, J.~D. and 
	{Hampf}, D. and {Hauser}, M. and {Heinz}, S. and {Heinzelmann}, G. and 
	{Henri}, G. and {Hermann}, G. and {Hinton}, J.~A. and {Hoffmann}, A. and 
	{Hofmann}, W. and {Hofverberg}, P. and {Holler}, M. and {Horns}, D. and 
	{Jacholkowska}, A. and {de Jager}, O.~C. and {Jahn}, C. and 
	{Jamrozy}, M. and {Jung}, I. and {Kastendieck}, M.~A. and {Katarzynski}, K. and 
	{Katz}, U. and {Kaufmann}, S. and {Keogh}, D. and {Khangulyan}, D. and 
	{Kh{\'e}lifi}, B. and {Klochkov}, D. and {Kluzniak}, W. and 
	{Kneiske}, T. and {Komin}, N. and {Kosack}, K. and {Kossakowski}, R. and 
	{Laffon}, H. and {Lamanna}, G. and {Lennarz}, D. and {Lohse}, T. and 
	{Lopatin}, A. and {Lu}, C.-C. and {Marandon}, V. and {Marcowith}, A. and 
	{Masbou}, J. and {Maurin}, D. and {Maxted}, N. and {Mayer}, M. and 
	{McComb}, T.~J.~L. and {Medina}, M.~C. and {M{\'e}hault}, J. and 
	{Moderski}, R. and {Moulin}, E. and {Naumann}, C.~L. and {Naumann-Godo}, M. and 
	{de Naurois}, M. and {Nedbal}, D. and {Nekrassov}, D. and {Nguyen}, N. and 
	{Nicholas}, B. and {Niemiec}, J. and {Nolan}, S.~J. and {Ohm}, S. and 
	{de Ona Wilhelmi}, E. and {Opitz}, B. and {Ostrowski}, M. and 
	{Oya}, I. and {Panter}, M. and {Paz Arribas}, M. and {Pedaletti}, G. and 
	{Pelletier}, G. and {Petrucci}, P.-O. and {Pita}, S. and {P{\"u}hlhofer}, G. and 
	{Punch}, M. and {Quirrenbach}, A. and {Raue}, M. and {Rayner}, S.~M. and 
	{Reimer}, A. and {Reimer}, O. and {Renaud}, M. and {de Los Reyes}, R. and 
	{Rieger}, F. and {Ripken}, J. and {Rob}, L. and {Rosier-Lees}, S. and 
	{Rowell}, G. and {Rudak}, B. and {Rulten}, C.~B. and {Ruppel}, J. and 
	{Sahakian}, V. and {Sanchez}, D. and {Santangelo}, A. and {Schlickeiser}, R. and 
	{Sch{\"o}ck}, F.~M. and {Schulz}, A. and {Schwanke}, U. and 
	{Schwarzburg}, S. and {Schwemmer}, S. and {Sikora}, M. and {Skilton}, J.~L. and 
	{Sol}, H. and {Spengler}, G. and {Stawarz}, L. and {Steenkamp}, R. and 
	{Stegmann}, C. and {Stinzing}, F. and {Stycz}, K. and {Sushch}, I. and 
	{Szostek}, A. and {Tavernet}, J.-P. and {Terrier}, R. and {Tluczykont}, M. and 
	{Valerius}, K. and {van Eldik}, C. and {Vasileiadis}, G. and 
	{Venter}, C. and {Vialle}, J.~P. and {Viana}, A. and {Vincent}, P. and 
	{V{\"o}lk}, H.~J. and {Volpe}, F. and {Vorobiov}, S. and {Vorster}, M. and 
	{Wagner}, S.~J. and {Ward}, M. and {White}, R. and {Wierzcholska}, A. and 
	{Zacharias}, M. and {Zajczyk}, A. and {Zdziarski}, A.~A. and 
	{Zech}, A. and {Zechlin}, H.-S.},
    title = "{Discovery of the source HESS J1356-645 associated with the young and energetic PSR J1357-6429}",
  journal = {\aap},
archivePrefix = "arXiv",
   eprint = {1108.2855},
 primaryClass = "astro-ph.HE",
     year = 2011,
    month = sep,
   volume = 533,
      eid = {A103},
    pages = {A103},
      doi = {10.1051/0004-6361/201117445},
   adsurl = {http://adsabs.harvard.edu/abs/2011A%26A...533A.103H},
  adsnote = {Provided by the SAO/NASA Astrophysics Data System}
}
@ARTICLE{2008AA...477..353A,
   author = {{Aharonian}, F. and {Akhperjanian}, A.~G. and {Barres de Almeida}, U. and 
	{Bazer-Bachi}, A.~R. and {Behera}, B. and {Beilicke}, M. and 
	{Benbow}, W. and {Bernl{\"o}hr}, K. and {Boisson}, C. and {Bolz}, O. and 
	{Borrel}, V. and {Braun}, I. and {Brion}, E. and {Brown}, A.~M. and 
	{B{\"u}hler}, R. and {Bulik}, T. and {B{\"u}sching}, I. and 
	{Boutelier}, T. and {Carrigan}, S. and {Chadwick}, P.~M. and 
	{Chounet}, L.-M. and {Clapson}, A.~C. and {Coignet}, G. and 
	{Cornils}, R. and {Costamante}, L. and {Dalton}, M. and {Degrange}, B. and 
	{Dickinson}, H.~J. and {Djannati-Ata{\"i}}, A. and {Domainko}, W. and 
	{Drury}, L.~O. and {Dubois}, F. and {Dubus}, G. and {Dyks}, J. and 
	{Egberts}, K. and {Emmanoulopoulos}, D. and {Espigat}, P. and 
	{Farnier}, C. and {Feinstein}, F. and {Fiasson}, A. and {F{\"o}rster}, A. and 
	{Fontaine}, G. and {Funk}, S. and {F{\"u}{\ss}ling}, M. and 
	{Gallant}, Y.~A. and {Giebels}, B. and {Glicenstein}, J.~F. and 
	{Gl{\"u}ck}, B. and {Goret}, P. and {Hadjichristidis}, C. and 
	{Hauser}, D. and {Hauser}, M. and {Heinzelmann}, G. and {Henri}, G. and 
	{Hermann}, G. and {Hinton}, J.~A. and {Hoffmann}, A. and {Hofmann}, W. and 
	{Holleran}, M. and {Hoppe}, S. and {Horns}, D. and {Jacholkowska}, A. and 
	{de Jager}, O.~C. and {Jung}, I. and {Katarzy{\'n}ski}, K. and 
	{Kendziorra}, E. and {Kerschhaggl}, M. and {Kh{\'e}lifi}, B. and 
	{Keogh}, D. and {Komin}, N. and {Kosack}, K. and {Lamanna}, G. and 
	{Latham}, I.~J. and {Lemi{\`e}re}, A. and {Lemoine-Goumard}, M. and 
	{Lenain}, J.-P. and {Lohse}, T. and {Martin}, J.~M. and {Martineau-Huynh}, O. and 
	{Marcowith}, A. and {Masterson}, C. and {Maurin}, D. and {Maurin}, G. and 
	{McComb}, T.~J.~L. and {Moderski}, R. and {Moulin}, E. and {de Naurois}, M. and 
	{Nedbal}, D. and {Nolan}, S.~J. and {Ohm}, S. and {Olive}, J.-P. and 
	{de O{\~n}a Wilhelmi}, E. and {Orford}, K.~J. and {Osborne}, J.~L. and 
	{Ostrowski}, M. and {Panter}, M. and {Pedaletti}, G. and {Pelletier}, G. and 
	{Petrucci}, P.-O. and {Pita}, S. and {P{\"u}hlhofer}, G. and 
	{Punch}, M. and {Ranchon}, S. and {Raubenheimer}, B.~C. and 
	{Raue}, M. and {Rayner}, S.~M. and {Renaud}, M. and {Ripken}, J. and 
	{Rob}, L. and {Rolland}, L. and {Rosier-Lees}, S. and {Rowell}, G. and 
	{Rudak}, B. and {Ruppel}, J. and {Sahakian}, V. and {Santangelo}, A. and 
	{Schlickeiser}, R. and {Sch{\"o}ck}, F. and {Schr{\"o}der}, R. and 
	{Schwanke}, U. and {Schwarzburg}, S. and {Schwemmer}, S. and 
	{Shalchi}, A. and {Sol}, H. and {Spangler}, D. and {Stawarz}, {\L}. and 
	{Steenkamp}, R. and {Stegmann}, C. and {Superina}, G. and {Tam}, P.~H. and 
	{Tavernet}, J.-P. and {Terrier}, R. and {van Eldik}, C. and 
	{Vasileiadis}, G. and {Venter}, C. and {Vialle}, J.~P. and {Vincent}, P. and 
	{Vivier}, M. and {V{\"o}lk}, H.~J. and {Volpe}, F. and {Wagner}, S.~J. and 
	{Ward}, M. and {Zdziarski}, A.~A. and {Zech}, A.},
    title = "{HESS very-high-energy gamma-ray sources without identified counterparts}",
  journal = {\aap},
archivePrefix = "arXiv",
   eprint = {0712.1173},
 keywords = {gamma rays: observations, Galaxy: general, cosmic rays, surveys},
     year = 2008,
    month = jan,
   volume = 477,
    pages = {353-363},
      doi = {10.1051/0004-6361:20078516},
   adsurl = {http://adsabs.harvard.edu/abs/2008A%26A...477..353A},
  adsnote = {Provided by the SAO/NASA Astrophysics Data System}
}
@ARTICLE{2012arXiv1205.0719D,
   author = {{de los Reyes}, R. and {Zajczyk}, A. and {Chaves}, R.~C.~G. and 
	{for the H.~E.~S.~S.~collaboration}},
    title = "{A newly discovered VHE gamma-ray PWN candidate around PSR J1459-60}",
  journal = {ArXiv e-prints},
archivePrefix = "arXiv",
   eprint = {1205.0719},
 primaryClass = "astro-ph.HE",
 keywords = {Astrophysics - High Energy Astrophysical Phenomena},
     year = 2012,
    month = may,
   adsurl = {http://adsabs.harvard.edu/abs/2012arXiv1205.0719D},
  adsnote = {Provided by the SAO/NASA Astrophysics Data System}
}
@INPROCEEDINGS{2008AIPC.1085..281R,
   author = {{Renaud}, M. and {Goret}, P. and {Chaves}, R.~C.~G.},
    title = "{On the nature of HESS J1503-582 revealed by the H.E.S.S. experiment: Coincidence with a FVW?}",
 keywords = {Astronomical and space-research instrumentation, Pulsars, gamma-ray sources; gamma-ray bursts},
booktitle = {American Institute of Physics Conference Series},
     year = 2008,
   series = {American Institute of Physics Conference Series},
   volume = 1085,
archivePrefix = "arXiv",
   eprint = {0811.1552},
   editor = {{Aharonian}, F.~A. and {Hofmann}, W. and {Rieger}, F.},
    month = dec,
    pages = {281-284},
      doi = {10.1063/1.3076660},
   adsurl = {http://adsabs.harvard.edu/abs/2008AIPC.1085..281R},
  adsnote = {Provided by the SAO/NASA Astrophysics Data System}
}
@ARTICLE{2011AA...525A..45H,
   author = {{Acero}, F. and {Aharonian}, F. and 
	{Akhperjanian}, A.~G. and {Anton}, G. and {Barres de Almeida}, U. and 
	{Bazer-Bachi}, A.~R. and {Becherini}, Y. and {Behera}, B. and 
	{Bernl{\"o}hr}, K. and {Bochow}, A. and {Boisson}, C. and {Bolmont}, J. and 
	{Borrel}, V. and {Brucker}, J. and {Brun}, F. and {Brun}, P. and 
	{B{\"u}hler}, R. and {Bulik}, T. and {B{\"u}sching}, I. and 
	{Boutelier}, T. and {Chadwick}, P.~M. and {Charbonnier}, A. and 
	{Chaves}, R.~C.~G. and {Cheesebrough}, A. and {Chounet}, L.-M. and 
	{Clapson}, A.~C. and {Coignet}, G. and {Dalton}, M. and {Daniel}, M.~K. and 
	{Davids}, I.~D. and {Degrange}, B. and {Deil}, C. and {Dickinson}, H.~J. and 
	{Djannati-Ata{\"i}}, A. and {Domainko}, W. and {Drury}, L.~O. and 
	{Dubois}, F. and {Dubus}, G. and {Dyks}, J. and {Dyrda}, M. and 
	{Egberts}, K. and {Emmanoulopoulos}, D. and {Espigat}, P. and 
	{Farnier}, C. and {Feinstein}, F. and {Fiasson}, A. and {F{\"o}rster}, A. and 
	{Fontaine}, G. and {F{\"u}{\ss}ling}, M. and {Gabici}, S. and 
	{Gallant}, Y.~A. and {G{\'e}rard}, L. and {Gerbig}, D. and {Giebels}, B. and 
	{Glicenstein}, J.~F. and {Gl{\"u}ck}, B. and {Goret}, P. and 
	{G{\"o}ring}, D. and {Hauser}, D. and {Hauser}, M. and {Heinz}, S. and 
	{Heinzelmann}, G. and {Henri}, G. and {Hermann}, G. and {Hinton}, J.~A. and 
	{Hoffmann}, A. and {Hofmann}, W. and {Holleran}, M. and {Hoppe}, S. and 
	{Horns}, D. and {Jacholkowska}, A. and {de Jager}, O.~C. and 
	{Jahn}, C. and {Jung}, I. and {Katarzy{\'n}ski}, K. and {Katz}, U. and 
	{Kaufmann}, S. and {Kerschhaggl}, M. and {Khangulyan}, D. and 
	{Kh{\'e}lifi}, B. and {Keogh}, D. and {Klochkov}, D. and {Klu{\'z}niak}, W. and 
	{Kneiske}, T. and {Komin}, N. and {Kosack}, K. and {Kossakowski}, R. and 
	{Lamanna}, G. and {Lenain}, J.-P. and {Lohse}, T. and {Marandon}, V. and 
	{Martineau-Huynh}, O. and {Marcowith}, A. and {Masbou}, J. and 
	{Maurin}, D. and {McComb}, T.~J.~L. and {Medina}, M.~C. and 
	{M{\'e}hault}, J. and {Moderski}, R. and {Moulin}, E. and {Naumann-Godo}, M. and 
	{de Naurois}, M. and {Nedbal}, D. and {Nekrassov}, D. and {Nicholas}, B. and 
	{Niemiec}, J. and {Nolan}, S.~J. and {Ohm}, S. and {Olive}, J.-F. and 
	{de O{\~n}a Wilhelmi}, E. and {Orford}, K.~J. and {Ostrowski}, M. and 
	{Panter}, M. and {Paz Arribas}, M. and {Pedaletti}, G. and {Pelletier}, G. and 
	{Petrucci}, P.-O. and {Pita}, S. and {P{\"u}hlhofer}, G. and 
	{Punch}, M. and {Quirrenbach}, A. and {Raubenheimer}, B.~C. and 
	{Raue}, M. and {Rayner}, S.~M. and {Reimer}, O. and {Renaud}, M. and 
	{Rieger}, F. and {Ripken}, J. and {Rob}, L. and {Rosier-Lees}, S. and 
	{Rowell}, G. and {Rudak}, B. and {Rulten}, C.~B. and {Ruppel}, J. and 
	{Sahakian}, V. and {Santangelo}, A. and {Schlickeiser}, R. and 
	{Sch{\"o}ck}, F.~M. and {Schwanke}, U. and {Schwarzburg}, S. and 
	{Schwemmer}, S. and {Shalchi}, A. and {Sikora}, M. and {Skilton}, J.~L. and 
	{Sol}, H. and {Stawarz}, {\L}. and {Steenkamp}, R. and {Stegmann}, C. and 
	{Stinzing}, F. and {Superina}, G. and {Szostek}, A. and {Tam}, P.~H. and 
	{Tavernet}, J.-P. and {Terrier}, R. and {Tibolla}, O. and {Tluczykont}, M. and 
	{van Eldik}, C. and {Vasileiadis}, G. and {Venter}, C. and {Venter}, L. and 
	{Vialle}, J.~P. and {Vincent}, P. and {Vivier}, M. and {V{\"o}lk}, H.~J. and 
	{Volpe}, F. and {Wagner}, S.~J. and {Ward}, M. and {Zdziarski}, A.~A. and 
	{Zech}, A. and {H.E.S.S.~Collaboration}},
    title = "{Discovery and follow-up studies of the extended, off-plane, VHE gamma-ray source HESS J1507-622}",
  journal = {\aap},
archivePrefix = "arXiv",
   eprint = {1010.4907},
 primaryClass = "astro-ph.HE",
 keywords = {gamma rays: general, X-rays: general},
     year = 2011,
    month = jan,
   volume = 525,
      eid = {A45},
    pages = {A45},
      doi = {10.1051/0004-6361/201015187},
   adsurl = {http://adsabs.harvard.edu/abs/2011A%26A...525A..45H},
  adsnote = {Provided by the SAO/NASA Astrophysics Data System}
}
@ARTICLE{2006ApJ...636..777A,
   author = {{Aharonian}, F. and {Akhperjanian}, A.~G. and {Bazer-Bachi}, A.~R. and 
	{Beilicke}, M. and {Benbow}, W. and {Berge}, D. and {Bernl{\"o}hr}, K. and 
	{Boisson}, C. and {Bolz}, O. and {Borrel}, V. and {Braun}, I. and 
	{Breitling}, F. and {Brown}, A.~M. and {Chadwick}, P.~M. and 
	{Chounet}, L.-M. and {Cornils}, R. and {Costamante}, L. and 
	{Degrange}, B. and {Dickinson}, H.~J. and {Djannati-Ata{\"i}}, A. and 
	{Drury}, L.~O. and {Dubus}, G. and {Emmanoulopoulos}, D. and 
	{Espigat}, P. and {Feinstein}, F. and {Fontaine}, G. and {Fuchs}, Y. and 
	{Funk}, S. and {Gallant}, Y.~A. and {Giebels}, B. and {Gillessen}, S. and 
	{Glicenstein}, J.~F. and {Goret}, P. and {Hadjichristidis}, C. and 
	{Hauser}, M. and {Heinzelmann}, G. and {Henri}, G. and {Hermann}, G. and 
	{Hinton}, J.~A. and {Hofmann}, W. and {Holleran}, M. and {Horns}, D. and 
	{Jacholkowska}, A. and {de Jager}, O.~C. and {Kh{\'e}lifi}, B. and 
	{Komin}, N. and {Konopelko}, A. and {Latham}, I.~J. and {Le Gallou}, R. and 
	{Lemi{\`e}re}, A. and {Lemoine-Goumard}, M. and {Leroy}, N. and 
	{Lohse}, T. and {Martin}, J.~M. and {Martineau-Huynh}, O. and 
	{Marcowith}, A. and {Masterson}, C. and {McComb}, T.~J.~L. and 
	{de Naurois}, M. and {Nolan}, S.~J. and {Noutsos}, A. and {Orford}, K.~J. and 
	{Osborne}, J.~L. and {Ouchrif}, M. and {Panter}, M. and {Pelletier}, G. and 
	{Pita}, S. and {P{\"u}hlhofer}, G. and {Punch}, M. and {Raubenheimer}, B.~C. and 
	{Raue}, M. and {Raux}, J. and {Rayner}, S.~M. and {Reimer}, A. and 
	{Reimer}, O. and {Ripken}, J. and {Rob}, L. and {Rolland}, L. and 
	{Rowell}, G. and {Sahakian}, V. and {Saug{\'e}}, L. and {Schlenker}, S. and 
	{Schlickeiser}, R. and {Schuster}, C. and {Schwanke}, U. and 
	{Siewert}, M. and {Sol}, H. and {Spangler}, D. and {Steenkamp}, R. and 
	{Stegmann}, C. and {Tavernet}, J.-P. and {Terrier}, R. and {Th{\'e}oret}, C.~G. and 
	{Tluczykont}, M. and {Vasileiadis}, G. and {Venter}, C. and 
	{Vincent}, P. and {V{\"o}lk}, H.~J. and {Wagner}, S.~J.},
    title = "{The H.E.S.S. Survey of the Inner Galaxy in Very High Energy Gamma Rays}",
  journal = {\apj},
   eprint = {arXiv:astro-ph/0510397},
 keywords = {Catalogs, Gamma Rays: Observations, Stars: Pulsars: General, ISM: Supernova Remnants, Stars: Supernovae: General, Surveys},
     year = 2006,
    month = jan,
   volume = 636,
    pages = {777-797},
      doi = {10.1086/498013},
   adsurl = {http://adsabs.harvard.edu/abs/2006ApJ...636..777A},
  adsnote = {Provided by the SAO/NASA Astrophysics Data System}
}
@ARTICLE{2011AA...528A.143H,
   author = {{Abramowski}, A. and {Acero}, F. and 
	{Aharonian}, F. and {Akhperjanian}, A.~G. and {Anton}, G. and 
	{Barnacka}, A. and {Barres de Almeida}, U. and {Bazer-Bachi}, A.~R. and 
	{Becherini}, Y. and {Becker}, J. and {Behera}, B. and {Bernloehr}, K. and 
	{Bochow}, A. and {Boisson}, C. and {Bolmont}, J. and {Bordas}, P. and 
	{Borrel}, V. and {Brucker}, J. and {Brun}, F. and {Brun}, P. and 
	{Bulik}, T. and {Buesching}, I. and {Carrigan}, S. and {Casanova}, S. and 
	{Cerruti}, M. and {Chadwick}, P.~M. and {Charbonnier}, A. and 
	{Chaves}, R.~C.~G. and {Cheesebrough}, A. and {Conrad}, J. and 
	{Chounet}, L.-M. and {Clapson}, A.~C. and {Coignet}, G. and 
	{Dalton}, M. and {Daniel}, M.~K. and {Davids}, I.~D. and {Degrange}, B. and 
	{Deil}, C. and {Dickinson}, H.~J. and {Djannati-Ataie}, A. and 
	{Domainko}, W. and {Drury}, L.~O. and {Dubois}, F. and {Dubus}, G. and 
	{Dyks}, J. and {Dyrda}, M. and {Egberts}, K. and {Eger}, P. and 
	{Espigat}, P. and {Fallon}, L. and {Farnier}, C. and {Fegan}, S. and 
	{Feinstein}, F. and {Fernandes}, M.~V. and {Fiasson}, A. and 
	{Foerster}, A. and {Fontaine}, G. and {Fuessling}, M. and {Gabici}, S. and 
	{Gallant}, Y.~A. and {Gast}, H. and {Gerard}, L. and {Gerbig}, D. and 
	{Giebels}, B. and {Glicenstein}, J.~F. and {Glueck}, B. and 
	{Goret}, P. and {Goering}, D. and {Hague}, J.~D. and {Hampf}, D. and 
	{Hauser}, M. and {Heinz}, S. and {Heinzelmann}, G. and {Henri}, G. and 
	{Hermann}, G. and {Hinton}, J.~A. and {Hoffmann}, A. and {Hofmann}, W. and 
	{Hofverberg}, P. and {Holleran}, M. and {Hoppe}, S. and {Horns}, D. and 
	{Jacholkowska}, A. and {de Jager}, O.~C. and {Jahn}, C. and 
	{Jamrozy}, M. and {Jung}, I. and {Kastendieck}, M.~A. and {Katarzynski}, K. and 
	{Katz}, U. and {Kaufmann}, S. and {Kerschhaggl}, M. and {Khangulyan}, D. and 
	{Khelifi}, B. and {Keogh}, D. and {Kluzniak}, W. and {Kneiske}, T. and 
	{Komin}, N. and {Kosack}, K. and {Kossakowski}, R. and {Laffont}, H. and 
	{Lamanna}, G. and {Lemoine-Goumard}, M. and {Lenain}, J.-P. and 
	{Lennarz}, D. and {Lohse}, T. and {Lopatin}, A. and {Lu}, C.-C. and 
	{Marandon}, V. and {Marcowith}, A. and {Masbou}, J. and {Maurin}, D. and 
	{Maxted}, N. and {McComb}, T.~J.~L. and {Medina}, M.~C. and 
	{Mehault}, J. and {Moderski}, R. and {Moulin}, E. and {Naumann-Godo}, M. and 
	{de Naurois}, M. and {Nedbal}, D. and {Nekrassov}, D. and {Nguyen}, N. and 
	{Nicholas}, B. and {Niemiec}, J. and {Nolan}, S.~J. and {Ohm}, S. and 
	{Olive}, J.-F. and {de Ona Wilhelmi}, E. and {Opitz}, B. and 
	{Ostrowski}, M. and {Panter}, M. and {Paz Arribas}, M. and {Pedaletti}, G. and 
	{Pelletier}, G. and {Petrucci}, P.-O. and {Pita}, S. and {Puehlhofer}, G. and 
	{Punch}, M. and {Quirrenbach}, A. and {Raue}, M. and {Rayner}, S.~M. and 
	{Reimer}, A. and {Reimer}, O. and {Renaud}, M. and {de Los Reyes}, R. and 
	{Rieger}, F. and {Ripken}, J. and {Rob}, L. and {Rosier-Lees}, S. and 
	{Rowell}, G. and {Rudak}, B. and {Rulten}, C.~B. and {Ruppel}, J. and 
	{Ryde}, F. and {Sahakian}, V. and {Santangelo}, A. and {Schlickeiser}, R. and 
	{Schoeck}, F.~M. and {Schoenwald}, A. and {Schwanke}, U. and 
	{Schwarzburg}, S. and {Schwemmer}, S. and {Shalchi}, A. and 
	{Sushch}, I. and {Sikora}, M. and {Skilton}, J.~L. and {Sol}, H. and 
	{Spengler}, G. and {Stawarz}, L. and {Steenkamp}, R. and {Stegmann}, C. and 
	{Stinzing}, F. and {Szostek}, A. and {Tam}, P.~H. and {Tavernet}, J.-P. and 
	{Terrier}, R. and {Tibolla}, O. and {Tluczykont}, M. and {Valerius}, K. and 
	{van Eldik}, C. and {Vasileiadis}, G. and {Venter}, C. and {Vialle}, J.~P. and 
	{Viana}, A. and {Vincent}, P. and {Vivier}, M. and {Voelk}, H.~J. and 
	{Volpe}, F. and {Vorobiov}, S. and {Wagner}, S.~J. and {Ward}, M. and 
	{Wierzcholska}, A. and {Zajczyk}, A. and {Zdziarski}, A.~A. and 
	{Zech}, A. and {Zechlin}, H.-S. and {Dubner}, G. and {Giacani}, E.
	},
    title = "{Detection of very-high-energy {$\gamma$}-ray emission from the vicinity of PSR B1706-44 and G 343.1-2.3 with H.E.S.S.}",
  journal = {\aap},
archivePrefix = "arXiv",
   eprint = {1102.0773},
 primaryClass = "astro-ph.HE",
 keywords = {ISM: individual objects: G 343.1-2.3, gamma rays: general, pulsars: individual: PSR B1706-44},
     year = 2011,
    month = apr,
   volume = 528,
      eid = {A143},
    pages = {A143},
      doi = {10.1051/0004-6361/201015381},
   adsurl = {http://adsabs.harvard.edu/abs/2011A%26A...528A.143H},
  adsnote = {Provided by the SAO/NASA Astrophysics Data System}
}
@ARTICLE{2007AA...472..489A,
   author = {{Aharonian}, F. and {Akhperjanian}, A.~G. and {Bazer-Bachi}, A.~R. and 
	{Behera}, B. and {Beilicke}, M. and {Benbow}, W. and {Berge}, D. and 
	{Bernl{\"o}hr}, K. and {Boisson}, C. and {Bolz}, O. and {Borrel}, V. and 
	{Braun}, I. and {Brion}, E. and {Brown}, A.~M. and {B{\"u}hler}, R. and 
	{B{\"u}sching}, I. and {Boutelier}, T. and {Carrigan}, S. and 
	{Chadwick}, P.~M. and {Chounet}, L.-M. and {Coignet}, G. and 
	{Cornils}, R. and {Costamante}, L. and {Degrange}, B. and {Dickinson}, H.~J. and 
	{Djannati-Ata{\"i}}, A. and {Domainko}, W. and {Drury}, L.~O. and 
	{Dubus}, G. and {Egberts}, K. and {Emmanoulopoulos}, D. and 
	{Espigat}, P. and {Farnier}, C. and {Feinstein}, F. and {Fiasson}, A. and 
	{F{\"o}rster}, A. and {Fontaine}, G. and {Funk}, S. and {Funk}, S. and 
	{F{\"u}{\ss}ling}, M. and {Gallant}, Y.~A. and {Giebels}, B. and 
	{Glicenstein}, J.~F. and {Gl{\"u}ck}, B. and {Goret}, P. and 
	{Hadjichristidis}, C. and {Hauser}, D. and {Hauser}, M. and 
	{Heinzelmann}, G. and {Henri}, G. and {Hermann}, G. and {Hinton}, J.~A. and 
	{Hoffmann}, A. and {Hofmann}, W. and {Holleran}, M. and {Hoppe}, S. and 
	{Horns}, D. and {Jacholkowska}, A. and {de Jager}, O.~C. and 
	{Kendziorra}, E. and {Kerschhaggl}, M. and {Kh{\'e}lifi}, B. and 
	{Komin}, N. and {Kosack}, K. and {Lamanna}, G. and {Latham}, I.~J. and 
	{Le Gallou}, R. and {Lemi{\`e}re}, A. and {Lemoine-Goumard}, M. and 
	{Lohse}, T. and {Martin}, J.~M. and {Martineau-Huynh}, O. and 
	{Marcowith}, A. and {Masterson}, C. and {Maurin}, G. and {McComb}, T.~J.~L. and 
	{Moulin}, E. and {de Naurois}, M. and {Nedbal}, D. and {Nolan}, S.~J. and 
	{Noutsos}, A. and {Olive}, J.-P. and {Orford}, K.~J. and {Osborne}, J.~L. and 
	{Panter}, M. and {Pedaletti}, G. and {Pelletier}, G. and {Petrucci}, P.-O. and 
	{Pita}, S. and {P{\"u}hlhofer}, G. and {Punch}, M. and {Ranchon}, S. and 
	{Raubenheimer}, B.~C. and {Raue}, M. and {Rayner}, S.~M. and 
	{Ripken}, J. and {Rob}, L. and {Rolland}, L. and {Rosier-Lees}, S. and 
	{Rowell}, G. and {Ruppel}, J. and {Sahakian}, V. and {Santangelo}, A. and 
	{Saug{\'e}}, L. and {Schlenker}, S. and {Schlickeiser}, R. and 
	{Schr{\"o}der}, R. and {Schwanke}, U. and {Schwarzburg}, S. and 
	{Schwemmer}, S. and {Shalchi}, A. and {Sol}, H. and {Spangler}, D. and 
	{Steenkamp}, R. and {Stegmann}, C. and {Superina}, G. and {Tam}, P.~H. and 
	{Tavernet}, J.-P. and {Terrier}, R. and {Tluczykont}, M. and 
	{van Eldik}, C. and {Vasileiadis}, G. and {Venter}, C. and {Vialle}, J.~P. and 
	{Vincent}, P. and {V{\"o}lk}, H.~J. and {Wagner}, S.~J. and 
	{Ward}, M.},
    title = "{Discovery of two candidate pulsar wind nebulae in very-high-energy gamma rays}",
  journal = {\aap},
archivePrefix = "arXiv",
   eprint = {0705.1605},
 keywords = {gamma rays: observations, ISM: individual objects: HESS J1718, ISM: individual objects: HESS J1809},
     year = 2007,
    month = sep,
   volume = 472,
    pages = {489-495},
      doi = {10.1051/0004-6361:20077280},
   adsurl = {http://adsabs.harvard.edu/abs/2007A%26A...472..489A},
  adsnote = {Provided by the SAO/NASA Astrophysics Data System}
}
@ARTICLE{2011AA...531A..81H,
   author = {{Abramowski}, A. and {Acero}, F. and 
	{Aharonian}, F. and {Akhperjanian}, A.~G. and {Anton}, G. and 
	{Balzer}, A. and {Barnacka}, A. and {Barres de Almeida}, U. and 
	{Becherini}, Y. and {Becker}, J. and {Behera}, B. and {Bernl{\"o}hr}, K. and 
	{Bochow}, A. and {Boisson}, C. and {Bolmont}, J. and {Bordas}, P. and 
	{Brucker}, J. and {Brun}, F. and {Brun}, P. and {Bulik}, T. and 
	{B{\"u}sching}, I. and {Carrigan}, S. and {Casanova}, S. and 
	{Cerruti}, M. and {Chadwick}, P.~M. and {Charbonnier}, A. and 
	{Chaves}, R.~C.~G. and {Cheesebrough}, A. and {Chounet}, L.-M. and 
	{Clapson}, A.~C. and {Coignet}, G. and {Cologna}, G. and {Conrad}, J. and 
	{Dalton}, M. and {Daniel}, M.~K. and {Davids}, I.~D. and {Degrange}, B. and 
	{Deil}, C. and {Dickinson}, H.~J. and {Djannati-Ata{\"i}}, A. and 
	{Domainko}, W. and {Drury}, L.~O. and {Dubois}, F. and {Dubus}, G. and 
	{Dutson}, K. and {Dyks}, J. and {Dyrda}, M. and {Egberts}, K. and 
	{Eger}, P. and {Espigat}, P. and {Fallon}, L. and {Farnier}, C. and 
	{Fegan}, S. and {Feinstein}, F. and {Fernandes}, M.~V. and {Fiasson}, A. and 
	{Fontaine}, G. and {F{\"o}rster}, A. and {F{\"u}{\ss}ling}, M. and 
	{Gallant}, Y.~A. and {Gast}, H. and {G{\'e}rard}, L. and {Gerbig}, D. and 
	{Giebels}, B. and {Glicenstein}, J.~F. and {Gl{\"u}ck}, B. and 
	{Goret}, P. and {G{\"o}ring}, D. and {H{\"a}ffner}, S. and {Hague}, J.~D. and 
	{Hampf}, D. and {Hauser}, M. and {Heinz}, S. and {Heinzelmann}, G. and 
	{Henri}, G. and {Hermann}, G. and {Hinton}, J.~A. and {Hoffmann}, A. and 
	{Hofmann}, W. and {Hofverberg}, P. and {Holler}, M. and {Horns}, D. and 
	{Jacholkowska}, A. and {de Jager}, O.~C. and {Jahn}, C. and 
	{Jamrozy}, M. and {Jung}, I. and {Kastendieck}, M.~A. and {Katarzy{\'n}ski}, K. and 
	{Katz}, U. and {Kaufmann}, S. and {Keogh}, D. and {Khangulyan}, D. and 
	{Kh{\'e}lifi}, B. and {Klochkov}, D. and {Klu{\'z}niak}, W. and 
	{Kneiske}, T. and {Komin}, N. and {Kosack}, K. and {Kossakowski}, R. and 
	{Laffon}, H. and {Lamanna}, G. and {Lennarz}, D. and {Lohse}, T. and 
	{Lopatin}, A. and {Lu}, C.-C. and {Marandon}, V. and {Marcowith}, A. and 
	{Masbou}, J. and {Maurin}, D. and {Maxted}, N. and {McComb}, T.~J.~L. and 
	{Medina}, M.~C. and {M{\'e}hault}, J. and {Moderski}, R. and 
	{Moulin}, E. and {Naumann}, C.~L. and {Naumann-Godo}, M. and 
	{de Naurois}, M. and {Nedbal}, D. and {Nekrassov}, D. and {Nguyen}, N. and 
	{Nicholas}, B. and {Niemiec}, J. and {Nolan}, S.~J. and {Ohm}, S. and 
	{de O{\~n}a Wilhelmi}, D. and {Opitz}, B. and {Ostrowski}, M. and 
	{Oya}, I. and {Panter}, M. and {Paz Arribas}, M. and {Pedaletti}, G. and 
	{Pelletier}, G. and {Petrucci}, P.-O. and {Pita}, S. and {P{\"u}hlhofer}, G. and 
	{Punch}, M. and {Quirrenbach}, A. and {Raue}, M. and {Rayner}, S.~M. and 
	{Reimer}, A. and {Reimer}, O. and {Renaud}, M. and {de los Reyes}, R. and 
	{Rieger}, F. and {Ripken}, J. and {Rob}, L. and {Rosier-Lees}, S. and 
	{Rowell}, G. and {Rudak}, B. and {Rulten}, C.~B. and {Ruppel}, J. and 
	{Ryde}, F. and {Sahakian}, V. and {Santangelo}, A. and {Schlickeiser}, R. and 
	{Sch{\"o}ck}, F.~M. and {Schulz}, A. and {Schwanke}, U. and 
	{Schwarzburg}, S. and {Schwemmer}, S. and {Sikora}, M. and {Skilton}, J.~L. and 
	{Sol}, H. and {Spengler}, G. and {Stawarz}, {\L}. and {Steenkamp}, R. and 
	{Stegmann}, C. and {Stinzing}, F. and {Stycz}, K. and {Sushch}, I. and 
	{Szostek}, A. and {Tavernet}, J.-P. and {Terrier}, R. and {Tluczykont}, M. and 
	{Valerius}, K. and {van Eldik}, C. and {Vasileiadis}, G. and 
	{Venter}, C. and {Vialle}, J.~P. and {Viana}, A. and {Vincent}, P. and 
	{V{\"o}lk}, H.~J. and {Volpe}, F. and {Vorobiov}, S. and {Vorster}, M. and 
	{Wagner}, S.~J. and {Ward}, M. and {White}, R. and {Wierzcholska}, A. and 
	{Zacharias}, M. and {Zajczyk}, A. and {Zdziarski}, A.~A. and 
	{Zech}, A. and {Zechlin}, H.-S.},
    title = "{A new SNR with TeV shell-type morphology: HESS J1731-347}",
  journal = {\aap},
archivePrefix = "arXiv",
   eprint = {1105.3206},
 primaryClass = "astro-ph.HE",
 keywords = {astroparticle physics, ISM: supernova remnants, cosmic rays},
     year = 2011,
    month = jul,
   volume = 531,
      eid = {A81},
    pages = {A81},
      doi = {10.1051/0004-6361/201016425},
   adsurl = {http://adsabs.harvard.edu/abs/2011A%26A...531A..81H},
  adsnote = {Provided by the SAO/NASA Astrophysics Data System}
}
@ARTICLE{2006AA...460..365A,
   author = {{Aharonian}, F. and {Akhperjanian}, A.~G. and {Bazer-Bachi}, A.~R. and 
	{Beilicke}, M. and {Benbow}, W. and {Berge}, D. and {Bernl{\"o}hr}, K. and 
	{Boisson}, C. and {Bolz}, O. and {Borrel}, V. and {Braun}, I. and 
	{Brown}, A.~M. and {B{\"u}hler}, R. and {B{\"u}sching}, I. and 
	{Carrigan}, S. and {Chadwick}, P.~M. and {Chounet}, L.-M. and 
	{Cornils}, R. and {Costamante}, L. and {Degrange}, B. and {Dickinson}, H.~J. and 
	{Djannati-Ata{\"i}}, A. and {O'C.~Drury}, L. and {Dubus}, G. and 
	{Egberts}, K. and {Emmanoulopoulos}, D. and {Espigat}, P. and 
	{Feinstein}, F. and {Ferrero}, E. and {Fiasson}, A. and {Fontaine}, G. and 
	{Funk}, S. and {Funk}, S. and {F{\"u}{\ss}ling}, M. and {Gallant}, Y.~A. and 
	{Giebels}, B. and {Glicenstein}, J.~F. and {Goret}, P. and {Hadjichristidis}, C. and 
	{Hauser}, D. and {Hauser}, M. and {Heinzelmann}, G. and {Henri}, G. and 
	{Hermann}, G. and {Hinton}, J.~A. and {Hoffmann}, A. and {Hofmann}, W. and 
	{Holleran}, M. and {Horns}, D. and {Jacholkowska}, A. and {de Jager}, O.~C. and 
	{Kendziorra}, E. and {Kh{\'e}lifi}, B. and {Komin}, N. and {Konopelko}, A. and 
	{Kosack}, K. and {Latham}, I.~J. and {Le Gallou}, R. and {Lemi{\`e}re}, A. and 
	{Lemoine-Goumard}, M. and {Lohse}, T. and {Martin}, J.~M. and 
	{Martineau-Huynh}, O. and {Marcowith}, A. and {Masterson}, C. and 
	{Maurin}, G. and {McComb}, T.~J.~L. and {Moulin}, E. and {de Naurois}, M. and 
	{Nedbal}, D. and {Nolan}, S.~J. and {Noutsos}, A. and {Orford}, K.~J. and 
	{Osborne}, J.~L. and {Ouchrif}, M. and {Panter}, M. and {Pelletier}, G. and 
	{Pita}, S. and {P{\"u}hlhofer}, G. and {Punch}, M. and {Raubenheimer}, B.~C. and 
	{Raue}, M. and {Rayner}, S.~M. and {Reimer}, A. and {Reimer}, O. and 
	{Ripken}, J. and {Rob}, L. and {Rolland}, L. and {Rowell}, G. and 
	{Sahakian}, V. and {Santangelo}, A. and {Saug{\'e}}, L. and 
	{Schlenker}, S. and {Schlickeiser}, R. and {Schr{\"o}der}, R. and 
	{Schwanke}, U. and {Schwarzburg}, S. and {Shalchi}, A. and {Sol}, H. and 
	{Spangler}, D. and {Spanier}, F. and {Steenkamp}, R. and {Stegmann}, C. and 
	{Superina}, G. and {Tavernet}, J.-P. and {Terrier}, R. and {Th{\'e}oret}, C.~G. and 
	{Tluczykont}, M. and {van Eldik}, C. and {Vasileiadis}, G. and 
	{Venter}, C. and {Vincent}, P. and {V{\"o}lk}, H.~J. and {Wagner}, S.~J. and 
	{Ward}, M.},
    title = "{Energy dependent {$\gamma$}-ray morphology in the pulsar wind nebula HESS J1825-137}",
  journal = {\aap},
   eprint = {arXiv:astro-ph/0607548},
 keywords = {ISM: supernova remnants, ISM: individual objects: <ASTROBJ>PSR B1823-13</ASTROBJ>, gamma rays: observations, pulsars: general, ISM: individual objects: HESS J1825, ISM: individual objects: G 18.0-0.7},
     year = 2006,
    month = dec,
   volume = 460,
    pages = {365-374},
      doi = {10.1051/0004-6361:20065546},
   adsurl = {http://adsabs.harvard.edu/abs/2006A%26A...460..365A},
  adsnote = {Provided by the SAO/NASA Astrophysics Data System}
}
@ARTICLE{2011arXiv1110.6837S,
   author = {{Sheidaei}, F. and {Djannati-Ata{\"i}}, A. and {Gast}, H. and 
	{for the HESS Collaboration}},
    title = "{Discovery of very-high-energy gamma-ray emission from the vicinity of PSR J1831-952 with H.E.S.S}",
  journal = {ArXiv e-prints},
archivePrefix = "arXiv",
   eprint = {1110.6837},
 primaryClass = "astro-ph.HE",
 keywords = {Astrophysics - High Energy Astrophysical Phenomena},
     year = 2011,
    month = oct,
   adsurl = {http://adsabs.harvard.edu/abs/2011arXiv1110.6837S},
  adsnote = {Provided by the SAO/NASA Astrophysics Data System}
}
@INPROCEEDINGS{2008ICRC....2..823D,
   author = {{Djannati-Ata{\u i}}, A. and {de Jager}, O.~C. and {Terrier}, R. and 
	{et al.}},
    title = "{New Companions for the lonely Crab? VHE emission from young pulsar wind nebulae revealed by H.E.S.S.}",
booktitle = {International Cosmic Ray Conference},
     year = 2008,
   series = {International Cosmic Ray Conference},
   volume = 2,
    pages = {823-826},
   adsurl = {http://adsabs.harvard.edu/abs/2008ICRC....2..823D},
  adsnote = {Provided by the SAO/NASA Astrophysics Data System}
}
@INPROCEEDINGS{2008ICRC....2..579H,
   author = {{Hoppe}, S.},
    title = "{The H.E.S.S. survey of the inner Galactic plane}",
booktitle = {International Cosmic Ray Conference},
     year = 2008,
   series = {International Cosmic Ray Conference},
   volume = 2,
archivePrefix = "arXiv",
   eprint = {0710.3528},
    pages = {579-582},
   adsurl = {http://adsabs.harvard.edu/abs/2008ICRC....2..579H},
  adsnote = {Provided by the SAO/NASA Astrophysics Data System}
}
@INPROCEEDINGS{2008AIPC.1085..372C,
   author = {{Chaves}, R.~C.~G. and {Renaud}, M. and {Lemoine-Goumard}, M. and 
	{Goret}, P.},
    title = "{HESS J1848-018: Discovery Of VHE {$\gamma$}-ray Emission From The Direction Of W 43}",
 keywords = {Astronomical and space-research instrumentation, Galactic center, bar, circumnuclear matter, and bulge, gamma-ray},
booktitle = {American Institute of Physics Conference Series},
     year = 2008,
   series = {American Institute of Physics Conference Series},
   volume = 1085,
   editor = {{Aharonian}, F.~A. and {Hofmann}, W. and {Rieger}, F.},
    month = dec,
    pages = {372-375},
      doi = {10.1063/1.3076684},
   adsurl = {http://ads.ari.uni-heidelberg.de/abs/2008AIPC.1085..372C},
  adsnote = {Provided by the SAO/NASA Astrophysics Data System}
}
@ARTICLE{2008AA...484..435A,
   author = {{Aharonian}, F. and {Akhperjanian}, A.~G. and {Barres de Almeida}, U. and 
	{Bazer-Bachi}, A.~R. and {Behera}, B. and {Beilicke}, M. and 
	{Benbow}, W. and {Bernl{\"o}hr}, K. and {Boisson}, C. and {Bolz}, O. and 
	{Borrel}, V. and {Braun}, I. and {Brion}, E. and {Brown}, A.~M. and 
	{B{\"u}hler}, R. and {Bulik}, T. and {B{\"u}sching}, I. and 
	{Boutelier}, T. and {Carrigan}, S. and {Chadwick}, P.~M. and 
	{Chounet}, L.-M. and {Clapson}, A.~C. and {Coignet}, G. and 
	{Cornils}, R. and {Costamante}, L. and {Dalton}, M. and {Degrange}, B. and 
	{Dickinson}, H.~J. and {Djannati-Ata{\"i}}, A. and {Domainko}, W. and 
	{O'C.~Drury}, L. and {Dubois}, F. and {Dubus}, G. and {Dyks}, J. and 
	{Egberts}, K. and {Emmanoulopoulos}, D. and {Espigat}, P. and 
	{Farnier}, C. and {Feinstein}, F. and {Fiasson}, A. and {F{\"o}rster}, A. and 
	{Fontaine}, G. and {Funk}, S. and {F{\"u}{\ss}ling}, M. and 
	{Gallant}, Y.~A. and {Giebels}, B. and {Glicenstein}, J.~F. and 
	{Gl{\"u}ck}, B. and {Goret}, P. and {Hadjichristidis}, C. and 
	{Hauser}, D. and {Hauser}, M. and {Heinzelmann}, G. and {Henri}, G. and 
	{Hermann}, G. and {Hinton}, J.~A. and {Hoffmann}, A. and {Hofmann}, W. and 
	{Holleran}, M. and {Hoppe}, S. and {Horns}, D. and {Jacholkowska}, A. and 
	{de Jager}, O.~C. and {Jung}, I. and {Katarzy{\'n}ski}, K. and 
	{Kendziorra}, E. and {Kerschhaggl}, M. and {Kh{\'e}lifi}, B. and 
	{Keogh}, D. and {Komin}, N. and {Kosack}, K. and {Lamanna}, G. and 
	{Latham}, I.~J. and {Lemi{\`e}re}, A. and {Lemoine-Goumard}, M. and 
	{Lenain}, J.-P. and {Lohse}, T. and {Martin}, J.~M. and {Martineau-Huynh}, O. and 
	{Marcowith}, A. and {Masterson}, C. and {Maurin}, D. and {Maurin}, G. and 
	{McComb}, T.~J.~L. and {Moderski}, R. and {Moulin}, E. and {de Naurois}, M. and 
	{Nedbal}, D. and {Nolan}, S.~J. and {Ohm}, S. and {Olive}, J.-P. and 
	{de O{\~n}a Wilhelmi}, E. and {Orford}, K.~J. and {Osborne}, J.~L. and 
	{Ostrowski}, M. and {Panter}, M. and {Pedaletti}, G. and {Pelletier}, G. and 
	{Petrucci}, P.-O. and {Pita}, S. and {P{\"u}hlhofer}, G. and 
	{Punch}, M. and {Raubenheimer}, B.~C. and {Raue}, M. and {Rayner}, S.~M. and 
	{Reimer}, O. and {Renaud}, M. and {Ripken}, J. and {Rob}, L. and 
	{Rolland}, L. and {Rosier-Lees}, S. and {Rowell}, G. and {Rudak}, B. and 
	{Ruppel}, J. and {Sahakian}, V. and {Santangelo}, A. and {Schlickeiser}, R. and 
	{Sch{\"o}ck}, F. and {Schr{\"o}der}, R. and {Schwanke}, U. and 
	{Schwarzburg}, S. and {Schwemmer}, S. and {Shalchi}, A. and 
	{Sol}, H. and {Spangler}, D. and {Stawarz}, {\L}. and {Steenkamp}, R. and 
	{Stegmann}, C. and {Superina}, G. and {Tam}, P.~H. and {Tavernet}, J.-P. and 
	{Terrier}, R. and {van Eldik}, C. and {Vasileiadis}, G. and 
	{Venter}, C. and {Vialle}, J.~P. and {Vincent}, P. and {Vivier}, M. and 
	{V{\"o}lk}, H.~J. and {Volpe}, F. and {Wagner}, S.~J. and {Ward}, M. and 
	{Zdziarski}, A.~A. and {Zech}, A.},
    title = "{Discovery of very-high-energy {$\gamma$}-ray emission from the vicinity of PSR J1913+1011 with HESS}",
  journal = {\aap},
archivePrefix = "arXiv",
   eprint = {0802.3841},
 keywords = {ISM: supernova remnants, gamma rays: observations},
     year = 2008,
    month = jun,
   volume = 484,
    pages = {435-440},
      doi = {10.1051/0004-6361:20078715},
   adsurl = {http://adsabs.harvard.edu/abs/2008A%26A...484..435A},
  adsnote = {Provided by the SAO/NASA Astrophysics Data System}
}
@INPROCEEDINGS{2008AIPC.1085..312T,
   author = {{Terrier}, R. and {Mattana}, F. and {Djannati-Atai}, A. and 
	{Marandon}, V. and {Renaud}, M. and {Dubois}, F.},
    title = "{Discovery of a pulsar wind nebula associated with IGR J18490-0000}",
 keywords = {Pulsars, Interstellar medium  and nebulae in external galaxies, Astronomical and space-research instrumentation, gamma-ray},
booktitle = {American Institute of Physics Conference Series},
     year = 2008,
   series = {American Institute of Physics Conference Series},
   volume = 1085,
   editor = {{Aharonian}, F.~A. and {Hofmann}, W. and {Rieger}, F.},
    month = dec,
    pages = {312-315},
      doi = {10.1063/1.3076669},
   adsurl = {http://ads.ari.uni-heidelberg.de/abs/2008AIPC.1085..312T},
  adsnote = {Provided by the SAO/NASA Astrophysics Data System}
}
@ARTICLE{2006AA...456..245A,
   author = {{Aharonian}, F. and {Akhperjanian}, A.~G. and {Bazer-Bachi}, A.~R. and 
	{Beilicke}, M. and {Benbow}, W. and {Berge}, D. and {Bernl{\"o}hr}, K. and 
	{Boisson}, C. and {Bolz}, O. and {Borrel}, V. and {Braun}, I. and 
	{Brown}, A.~M. and {B{\"u}hler}, R. and {B{\"u}sching}, I. and 
	{Carrigan}, S. and {Chadwick}, P.~M. and {Chounet}, L.-M. and 
	{Cornils}, R. and {Costamante}, L. and {Degrange}, B. and {Dickinson}, H.~J. and 
	{Djannati-Ata{\"i}}, A. and {O'C.~Drury}, L. and {Dubus}, G. and 
	{Egberts}, K. and {Emmanoulopoulos}, D. and {Espigat}, P. and 
	{Feinstein}, F. and {Ferrero}, E. and {Fiasson}, A. and {Fontaine}, G. and 
	{Funk}, S. and {Funk}, S. and {F{\"u}{\ss}ling}, M. and {Gallant}, Y.~A. and 
	{Giebels}, B. and {Glicenstein}, J.~F. and {Goret}, P. and {Hadjichristidis}, C. and 
	{Hauser}, D. and {Hauser}, M. and {Heinzelmann}, G. and {Henri}, G. and 
	{Hermann}, G. and {Hinton}, J.~A. and {Hoffmann}, A. and {Hofmann}, W. and 
	{Holleran}, M. and {Horns}, D. and {Jacholkowska}, A. and {de Jager}, O.~C. and 
	{Kendziorra}, E. and {Kh{\'e}lifi}, B. and {Komin}, N. and {Konopelko}, A. and 
	{Kosack}, K. and {Latham}, I.~J. and {Le Gallou}, R. and {Lemi{\`e}re}, A. and 
	{Lemoine-Goumard}, M. and {Lohse}, T. and {Martin}, J.~M. and 
	{Martineau-Huynh}, O. and {Marcowith}, A. and {Masterson}, C. and 
	{Maurin}, G. and {McComb}, T.~J.~L. and {de Naurois}, M. and 
	{Nedbal}, D. and {Nolan}, S.~J. and {Noutsos}, A. and {Orford}, K.~J. and 
	{Osborne}, J.~L. and {Ouchrif}, M. and {Panter}, M. and {Pelletier}, G. and 
	{Pita}, S. and {P{\"u}hlhofer}, G. and {Punch}, M. and {Raubenheimer}, B.~C. and 
	{Raue}, M. and {Rayner}, S.~M. and {Reimer}, A. and {Reimer}, O. and 
	{Ripken}, J. and {Rob}, L. and {Rolland}, L. and {Rowell}, G. and 
	{Sahakian}, V. and {Santangelo}, A. and {Saug{\'e}}, L. and 
	{Schlenker}, S. and {Schlickeiser}, R. and {Schr{\"o}der}, R. and 
	{Schwanke}, U. and {Schwarzburg}, S. and {Shalchi}, A. and {Sol}, H. and 
	{Spangler}, D. and {Spanier}, F. and {Steenkamp}, R. and {Stegmann}, C. and 
	{Superina}, G. and {Tavernet}, J.-P. and {Terrier}, R. and {Th{\'e}oret}, C.~G. and 
	{Tluczykont}, M. and {van Eldik}, C. and {Vasileiadis}, G. and 
	{Venter}, C. and {Vincent}, P. and {V{\"o}lk}, H.~J. and {Wagner}, S.~J. and 
	{Ward}, M.},
    title = "{Discovery of the two ''wings'' of the Kookaburra complex in VHE {$\gamma$}-rays with HESS}",
  journal = {\aap},
   eprint = {arXiv:astro-ph/0606311},
 keywords = {ISM: general, gamma rays: observations, radiation mechanisms: non-thermal},
     year = 2006,
    month = sep,
   volume = 456,
    pages = {245-251},
      doi = {10.1051/0004-6361:20065511},
   adsurl = {http://adsabs.harvard.edu/abs/2006A%26A...456..245A},
  adsnote = {Provided by the SAO/NASA Astrophysics Data System}
}
@ARTICLE{2007ApJ...664L..91A,
   author = {{Abdo}, A.~A. and {Allen}, B. and {Berley}, D. and {Casanova}, S. and 
	{Chen}, C. and {Coyne}, D.~G. and {Dingus}, B.~L. and {Ellsworth}, R.~W. and 
	{Fleysher}, L. and {Fleysher}, R. and {Gonzalez}, M.~M. and 
	{Goodman}, J.~A. and {Hays}, E. and {Hoffman}, C.~M. and {Hopper}, B. and 
	{H{\"u}ntemeyer}, P.~H. and {Kolterman}, B.~E. and {Lansdell}, C.~P. and 
	{Linnemann}, J.~T. and {McEnery}, J.~E. and {Mincer}, A.~I. and 
	{Nemethy}, P. and {Noyes}, D. and {Ryan}, J.~M. and {Saz Parkinson}, P.~M. and 
	{Shoup}, A. and {Sinnis}, G. and {Smith}, A.~J. and {Sullivan}, G.~W. and 
	{Vasileiou}, V. and {Walker}, G.~P. and {Williams}, D.~A. and 
	{Xu}, X.~W. and {Yodh}, G.~B.},
    title = "{TeV Gamma-Ray Sources from a Survey of the Galactic Plane with Milagro}",
  journal = {\apjl},
archivePrefix = "arXiv",
   eprint = {0705.0707},
 keywords = {Gamma Rays: Observations},
     year = 2007,
    month = aug,
   volume = 664,
    pages = {L91-L94},
      doi = {10.1086/520717},
   adsurl = {http://adsabs.harvard.edu/abs/2007ApJ...664L..91A},
  adsnote = {Provided by the SAO/NASA Astrophysics Data System}
}
@ARTICLE{2005AA...435L..17A,
   author = {{Aharonian}, F. and {Akhperjanian}, A.~G. and {Aye}, K.-M. and 
	{Bazer-Bachi}, A.~R. and {Beilicke}, M. and {Benbow}, W. and 
	{Berge}, D. and {Berghaus}, P. and {Bernl{\"o}hr}, K. and {Boisson}, C. and 
	{Bolz}, O. and {Braun}, I. and {Breitling}, F. and {Brown}, A.~M. and 
	{Bussons Gordo}, J. and {Chadwick}, P.~M. and {Chounet}, L.-M. and 
	{Cornils}, R. and {Costamante}, L. and {Degrange}, B. and {Djannati-Ata{\"i}}, A. and 
	{O'C.~Drury}, L. and {Dubus}, G. and {Emmanoulopoulos}, D. and 
	{Espigat}, P. and {Feinstein}, F. and {Fleury}, P. and {Fontaine}, G. and 
	{Fuchs}, Y. and {Funk}, S. and {Gallant}, Y.~A. and {Giebels}, B. and 
	{Gillessen}, S. and {Glicenstein}, J.~F. and {Goret}, P. and 
	{Hadjichristidis}, C. and {Hauser}, M. and {Heinzelmann}, G. and 
	{Henri}, G. and {Hermann}, G. and {Hinton}, J.~A. and {Hofmann}, W. and 
	{Holleran}, M. and {Horns}, D. and {de Jager}, O.~C. and {Kh{\'e}lifi}, B. and 
	{Komin}, N. and {Konopelko}, A. and {Latham}, I.~J. and {Le Gallou}, R. and 
	{Lemi{\`e}re}, A. and {Lemoine-Goumard}, M. and {Leroy}, N. and 
	{Lohse}, T. and {Martineau-Huynh}, O. and {Marcowith}, A. and 
	{Masterson}, C. and {McComb}, T.~J.~L. and {de Naurois}, M. and 
	{Nolan}, S.~J. and {Noutsos}, A. and {Orford}, K.~J. and {Osborne}, J.~L. and 
	{Ouchrif}, M. and {Panter}, M. and {Pelletier}, G. and {Pita}, S. and 
	{P{\"u}hlhofer}, G. and {Punch}, M. and {Raubenheimer}, B.~C. and 
	{Raue}, M. and {Raux}, J. and {Rayner}, S.~M. and {Redondo}, I. and 
	{Reimer}, A. and {Reimer}, O. and {Ripken}, J. and {Rob}, L. and 
	{Rolland}, L. and {Rowell}, G. and {Sahakian}, V. and {Saug{\'e}}, L. and 
	{Schlenker}, S. and {Schlickeiser}, R. and {Schuster}, C. and 
	{Schwanke}, U. and {Siewert}, M. and {Sol}, H. and {Steenkamp}, R. and 
	{Stegmann}, C. and {Tavernet}, J.-P. and {Terrier}, R. and {Th{\'e}oret}, C.~G. and 
	{Tluczykont}, M. and {Vasileiadis}, G. and {Venter}, C. and 
	{Vincent}, P. and {V{\"o}lk}, H.~J. and {Wagner}, S.~J.},
    title = "{Discovery of extended VHE gamma-ray emission from the asymmetric pulsar wind nebula in MSH 15-52 with HESS}",
  journal = {\aap},
   eprint = {arXiv:astro-ph/0504120},
 keywords = {gamma-rays: observations, ISM: supernova remnants, pulsar wind nebula, ISM: individual objects: PSR B1509-58, ISM: individual objects: G 320.4-1.2},
     year = 2005,
    month = may,
   volume = 435,
    pages = {L17-L20},
      doi = {10.1051/0004-6361:200500105},
   adsurl = {http://adsabs.harvard.edu/abs/2005A%26A...435L..17A},
  adsnote = {Provided by the SAO/NASA Astrophysics Data System}
}
@ARTICLE{2011arXiv1112.2901H,
   author = {{Hofverberg}, P. and {Chaves}, R.~C.~G. and {M{\'e}hault}, J. and 
	{de Naurois}, M. and {for the H.~E.~S.~S.~Collaboration}},
    title = "{Discovery of VHE gamma-ray emission from the SNR G15.4+0.1 with H.E.S.S}",
  journal = {ArXiv e-prints},
archivePrefix = "arXiv",
   eprint = {1112.2901},
 primaryClass = "astro-ph.GA",
 keywords = {Astrophysics - Galaxy Astrophysics},
     year = 2011,
    month = dec,
   adsurl = {http://adsabs.harvard.edu/abs/2011arXiv1112.2901H},
  adsnote = {Provided by the SAO/NASA Astrophysics Data System}
}
@ARTICLE{2012arXiv1201.0481A,
   author = {{Acero}, F. and {Djannati-Ata{\"i}}, A. and {F{\"o}rster}, A. and 
	{Gallant}, Y. and {Renaud}, M. and {for the H.~E.~S.~S.~collaboration}
	},
    title = "{Detection of TeV emission from the intriguing composite SNR G327.1-1.1}",
  journal = {ArXiv e-prints},
archivePrefix = "arXiv",
   eprint = {1201.0481},
 primaryClass = "astro-ph.HE",
 keywords = {Astrophysics - High Energy Astrophysical Phenomena},
     year = 2012,
    month = jan,
   adsurl = {http://adsabs.harvard.edu/abs/2012arXiv1201.0481A},
  adsnote = {Provided by the SAO/NASA Astrophysics Data System}
}
@ARTICLE{2009AA...499..723A,
   author = {{Aharonian}, F. and {Akhperjanian}, A.~G. and {Anton}, G. and 
	{Barres de Almeida}, U. and {Bazer-Bachi}, A.~R. and {Becherini}, Y. and 
	{Behera}, B. and {Benbow}, W. and {Bernl{\"o}hr}, K. and {Boisson}, C. and 
	{Bochow}, A. and {Borrel}, V. and {Braun}, I. and {Brion}, E. and 
	{Brucker}, J. and {Brun}, P. and {B{\"u}hler}, R. and {Bulik}, T. and 
	{B{\"u}sching}, I. and {Boutelier}, T. and {Carrigan}, S. and 
	{Chadwick}, P.~M. and {Charbonnier}, A. and {Chaves}, R.~C.~G. and 
	{Cheesebrough}, A. and {Chounet}, L.-M. and {Clapson}, A.~C. and 
	{Coignet}, G. and {Dalton}, M. and {Daniel}, M.~K. and {Degrange}, B. and 
	{Deil}, C. and {Dickinson}, H.~J. and {Djannati-Ata{\"i}}, A. and 
	{Domainko}, W. and {O'C.~Drury}, L. and {Dubois}, F. and {Dubus}, G. and 
	{Dyks}, J. and {Dyrda}, M. and {Egberts}, K. and {Emmanoulopoulos}, D. and 
	{Espigat}, P. and {Farnier}, C. and {Feinstein}, F. and {Fiasson}, A. and 
	{F{\"o}rster}, A. and {Fontaine}, G. and {F{\"u}{\ss}ling}, M. and 
	{Gabici}, S. and {Gallant}, Y.~A. and {G{\'e}rard}, L. and {Giebels}, B. and 
	{Glicenstein}, J.~F. and {Gl{\"u}ck}, B. and {Goret}, P. and 
	{Hauser}, D. and {Hauser}, M. and {Heinz}, S. and {Heinzelmann}, G. and 
	{Henri}, G. and {Hermann}, G. and {Hinton}, J.~A. and {Hoffmann}, A. and 
	{Hofmann}, W. and {Holleran}, M. and {Hoppe}, S. and {Horns}, D. and 
	{Jacholkowska}, A. and {de Jager}, O.~C. and {Jung}, I. and 
	{Katarzy{\'n}ski}, K. and {Katz}, U. and {Kaufmann}, S. and 
	{Kendziorra}, E. and {Kerschhaggl}, M. and {Khangulyan}, D. and 
	{Kh{\'e}lifi}, B. and {Keogh}, D. and {Komin}, N. and {Kosack}, K. and 
	{Lamanna}, G. and {Lenain}, J.-P. and {Lohse}, T. and {Marandon}, V. and 
	{Martin}, J.~M. and {Martineau-Huynh}, O. and {Marcowith}, A. and 
	{Maurin}, D. and {McComb}, T.~J.~L. and {Medina}, M.~C. and 
	{Moderski}, R. and {Moulin}, E. and {Naumann-Godo}, M. and {de Naurois}, M. and 
	{Nedbal}, D. and {Nekrassov}, D. and {Niemiec}, J. and {Nolan}, S.~J. and 
	{Ohm}, S. and {Olive}, J.-F. and {de O{\~n}a Wilhelmi}, E. and 
	{Orford}, K.~J. and {Ostrowski}, M. and {Panter}, M. and {Paz Arribas}, M. and 
	{Pedaletti}, G. and {Pelletier}, G. and {Petrucci}, P.-O. and 
	{Pita}, S. and {P{\"u}hlhofer}, G. and {Punch}, M. and {Quirrenbach}, A. and 
	{Raubenheimer}, B.~C. and {Raue}, M. and {Rayner}, S.~M. and 
	{Renaud}, M. and {Reimer}, O. and {Rieger}, F. and {Ripken}, J. and 
	{Rob}, L. and {Rosier-Lees}, S. and {Rowell}, G. and {Rudak}, B. and 
	{Rulten}, C.~B. and {Ruppel}, J. and {Sahakian}, V. and {Santangelo}, A. and 
	{Schlickeiser}, R. and {Sch{\"o}ck}, F.~M. and {Schr{\"o}der}, R. and 
	{Schwanke}, U. and {Schwarzburg}, S. and {Schwemmer}, S. and 
	{Shalchi}, A. and {Skilton}, J.~L. and {Sol}, H. and {Spangler}, D. and 
	{Stawarz}, {\L}. and {Steenkamp}, R. and {Stegmann}, C. and 
	{Superina}, G. and {Tam}, P.~H. and {Tavernet}, J.-P. and {Terrier}, R. and 
	{Tibolla}, O. and {van Eldik}, C. and {Vasileiadis}, G. and 
	{Venter}, C. and {Venter}, L. and {Vialle}, J.~P. and {Vincent}, P. and 
	{Vivier}, M. and {V{\"o}lk}, H.~J. and {Volpe}, F. and {Wagner}, S.~J. and 
	{Ward}, M. and {Zdziarski}, A.~A. and {Zech}, A.},
    title = "{Detection of very high energy radiation from HESS J1908+063 confirms the Milagro unidentified source MGRO J1908+06}",
  journal = {\aap},
archivePrefix = "arXiv",
   eprint = {0904.3409},
 primaryClass = "astro-ph.HE",
 keywords = {gamma rays: observations},
     year = 2009,
    month = jun,
   volume = 499,
    pages = {723-728},
      doi = {10.1051/0004-6361/200811357},
   adsurl = {http://adsabs.harvard.edu/abs/2009A%26A...499..723A},
  adsnote = {Provided by the SAO/NASA Astrophysics Data System}
}
@ARTICLE{2003ApJ...583..853H,
   author = {{Hall}, T.~A. and {Bond}, I.~H. and {Bradbury}, S.~M. and {Buckley}, J.~H. and 
	{Carson}, M.~J. and {Carter-Lewis}, D.~A. and {Catanese}, M. and 
	{Dunlea}, S. and {D'Vali}, M. and {Fegan}, D.~J. and {Fegan}, S.~J. and 
	{Finley}, J.~P. and {Gaidos}, J.~A. and {Gillanders}, G.~H. and 
	{Hillas}, A.~M. and {Horan}, D. and {Kertzman}, M. and {Kieda}, D. and 
	{Kildea}, J. and {Knapp}, J. and {Krennrich}, F. and {Lang}, M.~J. and 
	{LeBohec}, S. and {Lessard}, R. and {Lloyd-Evans}, J. and {McKernan}, B. and 
	{Moriarty}, P. and {Muller}, D. and {Ong}, R. and {Quinn}, J. and 
	{Reynolds}, P.~T. and {Rose}, H.~J. and {Sembroski}, G.~H. and 
	{Swordy}, S.~P. and {Vassiliev}, V.~V. and {Weekes}, T.~C.},
    title = "{Search for TeV Emissions from Pulsars in Binary Systems}",
  journal = {\apj},
 keywords = {Gamma Rays: Observations, Stars: Pulsars: General},
     year = 2003,
    month = feb,
   volume = 583,
    pages = {853-860},
      doi = {10.1086/345504},
   adsurl = {http://adsabs.harvard.edu/abs/2003ApJ...583..853H},
  adsnote = {Provided by the SAO/NASA Astrophysics Data System}
}
@ARTICLE{2011arXiv1110.4656A,
   author = {{Aliu}, E. et al.},
    title = "{Observations of SNR CTA 1 and the Cyg OB1 region with VERITAS}",
  journal = {ArXiv e-prints},
archivePrefix = "arXiv",
   eprint = {1110.4656},
 primaryClass = "astro-ph.HE",
 keywords = {Astrophysics - High Energy Astrophysical Phenomena},
     year = 2011,
    month = oct,
   adsurl = {http://adsabs.harvard.edu/abs/2011arXiv1110.4656A},
  adsnote = {Provided by the SAO/NASA Astrophysics Data System}
}
@ARTICLE{2012ApJ...745L..22B,
   author = {{Bartoli}, B. and {Bernardini}, P. and {Bi}, X.~J. and {Bleve}, C. and 
	{Bolognino}, I. and {Branchini}, P. and {Budano}, A. and {Calabrese Melcarne}, A.~K. and 
	{Camarri}, P. and {Cao}, Z. and {Cardarelli}, R. and {Catalanotti}, S. and 
	{Cattaneo}, C. and {Chen}, S.~Z. and {Chen}, T.~L. and {Chen}, Y. and 
	{Creti}, P. and {Cui}, S.~W. and {Dai}, B.~Z. and {D'Al{\'{\i}} Staiti}, G. and 
	{Danzengluobu} and {Dattoli}, M. and {De Mitri}, I. and {D'Ettorre Piazzoli}, B. and 
	{Di Girolamo}, T. and {Ding}, X.~H. and {Di Sciascio}, G. and 
	{Feng}, C.~F. and {Feng}, Z. and {Feng}, Z. and {Galeazzi}, F. and 
	{Giroletti}, E. and {Gou}, Q.~B. and {Guo}, Y.~Q. and {He}, H.~H. and 
	{Hu}, H. and {Hu}, H. and {Huang}, Q. and {Iacovacci}, M. and 
	{Iuppa}, R. and {James}, I. and {Jia}, H.~Y. and {Labaciren} and 
	{Li}, H.~J. and {Li}, J.~Y. and {Li}, X.~X. and {Liguori}, G. and 
	{Liu}, C. and {Liu}, C.~Q. and {Liu}, J. and {Liu}, M.~Y. and 
	{Lu}, H. and {Ma}, L.~L. and {Ma}, X.~H. and {Mancarella}, G. and 
	{Mari}, S.~M. and {Marsella}, G. and {Martello}, D. and {Mastroianni}, S. and 
	{Montini}, P. and {Ning}, C.~C. and {Pagliaro}, A. and {Panareo}, M. and 
	{Panico}, B. and {Perrone}, L. and {Pistilli}, P. and {Ruggieri}, F. and 
	{Salvini}, P. and {Santonico}, R. and {Shen}, P.~R. and {Sheng}, X.~D. and 
	{Shi}, F. and {Stanescu}, C. and {Surdo}, A. and {Tan}, Y.~H. and 
	{Vallania}, P. and {Vernetto}, S. and {Vigorito}, C. and {Wang}, B. and 
	{Wang}, H. and {Wu}, C.~Y. and {Wu}, H.~R. and {Xu}, B. and 
	{Xue}, L. and {Yang}, Q.~Y. and {Yang}, X.~C. and {Yao}, Z.~G. and 
	{Yuan}, A.~F. and {Zha}, M. and {Zhang}, H.~M. and {Zhang}, J. and 
	{Zhang}, J. and {Zhang}, L. and {Zhang}, P. and {Zhang}, X.~Y. and 
	{Zhang}, Y. and {Zhao}, J. and {Zhaxiciren} and {Zhaxisangzhu} and 
	{Zhou}, X.~X. and {Zhu}, F.~R. and {Zhu}, Q.~Q. and {Zizzi}, G. and 
	{ARGO-YBJ Collaboration}},
    title = "{Observation of TeV Gamma Rays from the Cygnus Region with the ARGO-YBJ Experiment}",
  journal = {\apjl},
archivePrefix = "arXiv",
   eprint = {1201.1973},
 primaryClass = "astro-ph.HE",
 keywords = {gamma rays: general, pulsars: individual: MGRO J2019+37 MGRO J2031+41},
     year = 2012,
    month = feb,
   volume = 745,
      eid = {L22},
    pages = {L22},
      doi = {10.1088/2041-8205/745/2/L22},
   adsurl = {http://adsabs.harvard.edu/abs/2012ApJ...745L..22B},
  adsnote = {Provided by the SAO/NASA Astrophysics Data System}
}
@ARTICLE{2011arXiv1104.5003B,
   author = {{Brun}, F. and {de Naurois}, M. and {Hofmann}, W. and {Carrigan}, S. and 
	{Djannati-Ata{\"i}}, A. and {Ohm}, S. and {for the H.~E.~S.~S.~Collaboration}
	},
    title = "{Discovery of VHE gamma-ray emission from the W49 region with H.E.S.S}",
  journal = {ArXiv e-prints},
archivePrefix = "arXiv",
   eprint = {1104.5003},
 primaryClass = "astro-ph.HE",
 keywords = {Astrophysics - High Energy Astrophysical Phenomena},
     year = 2011,
    month = apr,
   adsurl = {http://adsabs.harvard.edu/abs/2011arXiv1104.5003B},
  adsnote = {Provided by the SAO/NASA Astrophysics Data System}
}
@ARTICLE{2010ApJ...708.1254A,
   author = {{Abdo}, A.~A. and {Ackermann}, M. and {Ajello}, M. and {Atwood}, W.~B. and 
	{Axelsson}, M. and {Baldini}, L. and {Ballet}, J. and {Barbiellini}, G. and 
	{Baring}, M.~G. and {Bastieri}, D. and {Bechtol}, K. and {Bellazzini}, R. and 
	{Berenji}, B. and {Blandford}, R.~D. and {Bloom}, E.~D. and 
	{Bonamente}, E. and {Borgland}, A.~W. and {Bregeon}, J. and 
	{Brez}, A. and {Brigida}, M. and {Bruel}, P. and {Burnett}, T.~H. and 
	{Caliandro}, G.~A. and {Cameron}, R.~A. and {Camilo}, F. and 
	{Caraveo}, P.~A. and {Casandjian}, J.~M. and {Cecchi}, C. and 
	{{\c C}elik}, {\"O}. and {Chekhtman}, A. and {Cheung}, C.~C. and 
	{Chiang}, J. and {Ciprini}, S. and {Claus}, R. and {Cognard}, I. and 
	{Cohen-Tanugi}, J. and {Cominsky}, L.~R. and {Conrad}, J. and 
	{Dermer}, C.~D. and {de Angelis}, A. and {de Luca}, A. and {de Palma}, F. and 
	{Digel}, S.~W. and {Silva}, E.~d.~C.~e. and {Drell}, P.~S. and 
	{Dubois}, R. and {Dumora}, D. and {Espinoza}, C. and {Farnier}, C. and 
	{Favuzzi}, C. and {Fegan}, S.~J. and {Ferrara}, E.~C. and {Focke}, W.~B. and 
	{Frailis}, M. and {Freire}, P.~C.~C. and {Fukazawa}, Y. and 
	{Funk}, S. and {Fusco}, P. and {Gargano}, F. and {Gasparrini}, D. and 
	{Gehrels}, N. and {Germani}, S. and {Giavitto}, G. and {Giebels}, B. and 
	{Giglietto}, N. and {Giordano}, F. and {Glanzman}, T. and {Godfrey}, G. and 
	{Grenier}, I.~A. and {Grondin}, M.-H. and {Grove}, J.~E. and 
	{Guillemot}, L. and {Guiriec}, S. and {Hanabata}, Y. and {Harding}, A.~K. and 
	{Hayashida}, M. and {Hays}, E. and {Hughes}, R.~E. and {J{\'o}hannesson}, G. and 
	{Johnson}, A.~S. and {Johnson}, R.~P. and {Johnson}, T.~J. and 
	{Johnson}, W.~N. and {Johnston}, S. and {Kamae}, T. and {Katagiri}, H. and 
	{Kataoka}, J. and {Kawai}, N. and {Kerr}, M. and {Kn{\"o}dlseder}, J. and 
	{Kocian}, M.~L. and {Kramer}, M. and {Kuehn}, F. and {Kuss}, M. and 
	{Lande}, J. and {Latronico}, L. and {Lee}, S.-H. and {Lemoine-Goumard}, M. and 
	{Longo}, F. and {Loparco}, F. and {Lott}, B. and {Lovellette}, M.~N. and 
	{Lubrano}, P. and {Lyne}, A.~G. and {Makeev}, A. and {Marelli}, M. and 
	{Mazziotta}, M.~N. and {McEnery}, J.~E. and {Meurer}, C. and 
	{Michelson}, P.~F. and {Mitthumsiri}, W. and {Mizuno}, T. and 
	{Moiseev}, A.~A. and {Monte}, C. and {Monzani}, M.~E. and {Moretti}, E. and 
	{Morselli}, A. and {Moskalenko}, I.~V. and {Murgia}, S. and 
	{Nakamori}, T. and {Nolan}, P.~L. and {Norris}, J.~P. and {Noutsos}, A. and 
	{Nuss}, E. and {Ohsugi}, T. and {Omodei}, N. and {Orlando}, E. and 
	{Ormes}, J.~F. and {Ozaki}, M. and {Paneque}, D. and {Panetta}, J.~H. and 
	{Parent}, D. and {Pelassa}, V. and {Pepe}, M. and {Pesce-Rollins}, M. and 
	{Pierbattista}, M. and {Piron}, F. and {Porter}, T.~A. and {Rain{\`o}}, S. and 
	{Rando}, R. and {Ray}, P.~S. and {Razzano}, M. and {Reimer}, A. and 
	{Reimer}, O. and {Reposeur}, T. and {Ritz}, S. and {Rochester}, L.~S. and 
	{Rodriguez}, A.~Y. and {Romani}, R.~W. and {Roth}, M. and {Ryde}, F. and 
	{Sadrozinski}, H.~F.-W. and {Sanchez}, D. and {Sander}, A. and 
	{Saz Parkinson}, P.~M. and {Scargle}, J.~D. and {Sgr{\`o}}, C. and 
	{Siskind}, E.~J. and {Smith}, D.~A. and {Smith}, P.~D. and {Spandre}, G. and 
	{Spinelli}, P. and {Stappers}, B.~W. and {Strickman}, M.~S. and 
	{Suson}, D.~J. and {Tajima}, H. and {Takahashi}, H. and {Tanaka}, T. and 
	{Thayer}, J.~B. and {Thayer}, J.~G. and {Theureau}, G. and {Thompson}, D.~J. and 
	{Thorsett}, S.~E. and {Tibaldo}, L. and {Torres}, D.~F. and 
	{Tosti}, G. and {Tramacere}, A. and {Uchiyama}, Y. and {Usher}, T.~L. and 
	{Van Etten}, A. and {Vasileiou}, V. and {Vilchez}, N. and {Vitale}, V. and 
	{Waite}, A.~P. and {Wallace}, E. and {Wang}, P. and {Watters}, K. and 
	{Weltevrede}, P. and {Winer}, B.~L. and {Wood}, K.~S. and {Ylinen}, T. and 
	{Ziegler}, M.},
    title = "{Fermi Large Area Telescope Observations of the Crab Pulsar And Nebula}",
  journal = {\apj},
archivePrefix = "arXiv",
   eprint = {0911.2412},
 primaryClass = "astro-ph.HE",
 keywords = {gamma rays: observations, ISM: individual: Crab Nebula, pulsars: individual: Crab, supernova remnants},
     year = 2010,
    month = jan,
   volume = 708,
    pages = {1254-1267},
      doi = {10.1088/0004-637X/708/2/1254},
   adsurl = {http://adsabs.harvard.edu/abs/2010ApJ...708.1254A},
  adsnote = {Provided by the SAO/NASA Astrophysics Data System}
}
@ARTICLE{2011ApJ...738...42G,
   author = {{Grondin}, M.-H. and {Funk}, S. and {Lemoine-Goumard}, M. and 
	{Van Etten}, A. and {Hinton}, J.~A. and {Camilo}, F. and {Cognard}, I. and 
	{Espinoza}, C.~M. and {Freire}, P.~C.~C. and {Grove}, J.~E. and 
	{Guillemot}, L. and {Johnston}, S. and {Kramer}, M. and {Lande}, J. and 
	{Michelson}, P. and {Possenti}, A. and {Romani}, R.~W. and {Skilton}, J.~L. and 
	{Theureau}, G. and {Weltevrede}, P.},
    title = "{Detection of the Pulsar Wind Nebula HESS J1825-137 with the Fermi Large Area Telescope}",
  journal = {\apj},
archivePrefix = "arXiv",
   eprint = {1106.0184},
 primaryClass = "astro-ph.HE",
 keywords = {gamma rays: general, ISM: individual objects: G18.0-0.7 HESS J1825{\ndash}137, pulsars: general, pulsars: individual: PSR B1823-13 PSR J1826-1334},
     year = 2011,
    month = sep,
   volume = 738,
      eid = {42},
    pages = {42},
      doi = {10.1088/0004-637X/738/1/42},
   adsurl = {http://adsabs.harvard.edu/abs/2011ApJ...738...42G},
  adsnote = {Provided by the SAO/NASA Astrophysics Data System}
}
@ARTICLE{2009ApJ...706.1269L,
   author = {{Lemiere}, A. and {Slane}, P. and {Gaensler}, B.~M. and {Murray}, S.
	},
    title = "{High-resolution X-ray Observations of the Pulsar Wind Nebula Associated with the Gamma-ray Source HESS J1640-465}",
  journal = {\apj},
archivePrefix = "arXiv",
   eprint = {0910.2652},
 primaryClass = "astro-ph.HE",
 keywords = {ISM: individual: G338.30.0, pulsars: general, supernova remnants, X-rays: individual: XMMUJ164045.4 {\ndash} 463131 HESS J1640 {\ndash} 465},
     year = 2009,
    month = dec,
   volume = 706,
    pages = {1269-1276},
      doi = {10.1088/0004-637X/706/2/1269},
   adsurl = {http://adsabs.harvard.edu/abs/2009ApJ...706.1269L},
  adsnote = {Provided by the SAO/NASA Astrophysics Data System}
}
@ARTICLE{2010ApJ...720..266S,
   author = {{Slane}, P. and {Castro}, D. and {Funk}, S. and {Uchiyama}, Y. and 
	{Lemiere}, A. and {Gelfand}, J.~D. and {Lemoine-Goumard}, M.
	},
    title = "{Fermi Detection of the Pulsar Wind Nebula HESS J1640-465}",
  journal = {\apj},
archivePrefix = "arXiv",
   eprint = {1004.2936},
 primaryClass = "astro-ph.HE",
 keywords = {ISM: individual objects: HESS J1640{\ndash}465 FGL J1640.8{\ndash}4634 3EG J1639{\ndash}4702 G338.3{\ndash}0.0, ISM: supernova remnants, pulsars: general},
     year = 2010,
    month = sep,
   volume = 720,
    pages = {266-271},
      doi = {10.1088/0004-637X/720/1/266},
   adsurl = {http://adsabs.harvard.edu/abs/2010ApJ...720..266S},
  adsnote = {Provided by the SAO/NASA Astrophysics Data System}
}
@ARTICLE{Rousseau1857,
   author = {{Rousseau}, R. and {Grondin}, M.-H. and {Van Etten}, A. and {Lemoine-Goumard}, M. and 
	{Bogdanov}, S. and {Hessels}, J.W.T. and {Kaspi}, V.M.,
	},
    title = "{Fermi-LAT constraints on the Pulsar Wind Nebula nature of HESS~J1857+026}",
  journal = {\aa},
archivePrefix = "arXiv",
   eprint = {1206.3324},
 primaryClass = "astro-ph.HE",
 keywords = {pulsars : general, pulsars : individual object : PSR J1856+0245, ISM : individual object : HESS J1857+026, Gamma
rays : general},
     year = 2012,
    month = ,
   volume = ,
    pages = ,
      doi = {10.1051/0004-6361/201118685},
   adsurl = {http://arxiv.org/abs/1206.3324},
  adsnote = {Fait maison}
}
@ARTICLE{2010AA...518A...8T,
   author = {{Tam}, P.~H.~T. and {Wagner}, S.~J. and {Tibolla}, O. and {Chaves}, R.~C.~G.
	},
    title = "{A search for VHE counterparts of Galactic Fermi bright sources and MeV to TeV spectral characterization}",
  journal = {\aap},
archivePrefix = "arXiv",
   eprint = {0911.4333},
 primaryClass = "astro-ph.HE",
 keywords = {Gamma rays: general, Galaxy: general, pulsars: general, ISM: supernova remnants, X-rays: binaries},
     year = 2010,
    month = jul,
   volume = 518,
      eid = {A8},
    pages = {A8},
      doi = {10.1051/0004-6361/200913717},
   adsurl = {http://adsabs.harvard.edu/abs/2010A%26A...518A...8T},
  adsnote = {Provided by the SAO/NASA Astrophysics Data System}
}
@ARTICLE{2009ApJ...697.1071A,
   author = {{Atwood}, W.~B. and {Abdo}, A.~A. and {Ackermann}, M. and {Althouse}, W. and 
	{Anderson}, B. and {Axelsson}, M. and {Baldini}, L. and {Ballet}, J. and 
	{Band}, D.~L. and {Barbiellini}, G. and et al.},
    title = "{The Large Area Telescope on the Fermi Gamma-Ray Space Telescope Mission}",
  journal = {\apj},
archivePrefix = "arXiv",
   eprint = {0902.1089},
 primaryClass = "astro-ph.IM",
 keywords = {cosmic rays, galaxies: active, Galaxy: general, gamma rays: observations, Sun: X-rays, gamma rays, telescopes},
     year = 2009,
    month = jun,
   volume = 697,
    pages = {1071-1102},
      doi = {10.1088/0004-637X/697/2/1071},
   adsurl = {http://adsabs.harvard.edu/abs/2009ApJ...697.1071A},
  adsnote = {Provided by the SAO/NASA Astrophysics Data System}
}
@ARTICLE{2009ApJ...696.1084A,
   author = {{Abdo}, A.~A. and {Ackermann}, M. and {Atwood}, W.~B. and {Bagagli}, R. and 
	{Baldini}, L. and {Ballet}, J. and {Band}, D.~L. and {Barbiellini}, G. and 
	{Baring}, M.~G. and {Bartelt}, J. and et al.},
    title = "{Fermi Large Area Telescope Observations of the Vela Pulsar}",
  journal = {\apj},
archivePrefix = "arXiv",
   eprint = {0812.2960},
 keywords = {gamma rays: observations, pulsars: individual: PSR B0833-45},
     year = 2009,
    month = may,
   volume = 696,
    pages = {1084-1093},
      doi = {10.1088/0004-637X/696/2/1084},
   adsurl = {http://adsabs.harvard.edu/abs/2009ApJ...696.1084A},
  adsnote = {Provided by the SAO/NASA Astrophysics Data System}
}
@ARTICLE{2009PhRvD..80l2004A,
   author = {{Abdo}, A.~A. and {Ackermann}, M. and {Ajello}, M. and {Atwood}, W.~B. and 
	{Baldini}, L. and {Ballet}, J. and {Barbiellini}, G. and {Bastieri}, D. and 
	{Baughman}, B.~M. and {Bechtol}, K. and {Bellazzini}, R. and 
	{Berenji}, B. and {Bloom}, E.~D. and {Bonamente}, E. and {Borgland}, A.~W. and 
	{Bouvier}, A. and {Bregeon}, J. and {Brez}, A. and {Brigida}, M. and 
	{Bruel}, P. and {Buehler}, R. and {Burnett}, T.~H. and {Buson}, S. and 
	{Caliandro}, G.~A. and {Cameron}, R.~A. and {Caraveo}, P.~A. and 
	{Casandjian}, J.~M. and {Cecchi}, C. and {{\c C}elik}, {\"O}. and 
	{Charles}, E. and {Chekhtman}, A. and {Chiang}, J. and {Ciprini}, S. and 
	{Claus}, R. and {Cohen-Tanugi}, J. and {Conrad}, J. and {de Palma}, F. and 
	{Digel}, S.~W. and {Do Couto E Silva}, E. and {Drell}, P.~S. and 
	{Dubois}, R. and {Dumora}, D. and {Farnier}, C. and {Favuzzi}, C. and 
	{Fegan}, S.~J. and {Focke}, W.~B. and {Fortin}, P. and {Frailis}, M. and 
	{Fukazawa}, Y. and {Funk}, S. and {Fusco}, P. and {Gargano}, F. and 
	{Gehrels}, N. and {Germani}, S. and {Giebels}, B. and {Giglietto}, N. and 
	{Giordano}, F. and {Glanzman}, T. and {Godfrey}, G. and {Grenier}, I.~A. and 
	{Grondin}, M.-H. and {Grove}, J.~E. and {Guillemot}, L. and 
	{Guiriec}, S. and {Hays}, E. and {Horan}, D. and {Hughes}, R.~E. and 
	{J{\'o}hannesson}, G. and {Johnson}, A.~S. and {Johnson}, T.~J. and 
	{Johnson}, W.~N. and {Kamae}, T. and {Katagiri}, H. and {Kataoka}, J. and 
	{Kawai}, N. and {Kerr}, M. and {Kn{\"o}dlseder}, J. and {Kuss}, M. and 
	{Lande}, J. and {Latronico}, L. and {Lemoine-Goumard}, M. and 
	{Longo}, F. and {Loparco}, F. and {Lott}, B. and {Lovellette}, M.~N. and 
	{Lubrano}, P. and {Makeev}, A. and {Mazziotta}, M.~N. and {McEnery}, J.~E. and 
	{Meurer}, C. and {Michelson}, P.~F. and {Mitthumsiri}, W. and 
	{Mizuno}, T. and {Monte}, C. and {Monzani}, M.~E. and {Morselli}, A. and 
	{Moskalenko}, I.~V. and {Murgia}, S. and {Nolan}, P.~L. and 
	{Norris}, J.~P. and {Nuss}, E. and {Ohsugi}, T. and {Okumura}, A. and 
	{Omodei}, N. and {Orlando}, E. and {Ormes}, J.~F. and {Paneque}, D. and 
	{Panetta}, J.~H. and {Parent}, D. and {Pelassa}, V. and {Pepe}, M. and 
	{Pesce-Rollins}, M. and {Piron}, F. and {Porter}, T.~A. and 
	{Rain{\`o}}, S. and {Rando}, R. and {Razzano}, M. and {Reimer}, A. and 
	{Reimer}, O. and {Reposeur}, T. and {Rochester}, L.~S. and {Rodriguez}, A.~Y. and 
	{Roth}, M. and {Sadrozinski}, H.~F.-W. and {Sander}, A. and 
	{Saz Parkinson}, P.~M. and {Sgr{\`o}}, C. and {Share}, G.~H. and 
	{Siskind}, E.~J. and {Smith}, D.~A. and {Smith}, P.~D. and {Spandre}, G. and 
	{Spinelli}, P. and {Strickman}, M.~S. and {Suson}, D.~J. and 
	{Takahashi}, H. and {Tanaka}, T. and {Thayer}, J.~B. and {Thayer}, J.~G. and 
	{Thompson}, D.~J. and {Tibaldo}, L. and {Torres}, D.~F. and 
	{Tosti}, G. and {Tramacere}, A. and {Uchiyama}, Y. and {Usher}, T.~L. and 
	{Vasileiou}, V. and {Vilchez}, N. and {Vitale}, V. and {Waite}, A.~P. and 
	{Wang}, P. and {Winer}, B.~L. and {Wood}, K.~S. and {Ylinen}, T. and 
	{Ziegler}, M.},
    title = "{Fermi large area telescope observations of the cosmic-ray induced {$\gamma$}-ray emission of the Earth's atmosphere}",
  journal = {\prd},
archivePrefix = "arXiv",
   eprint = {0912.1868},
 primaryClass = "astro-ph.HE",
 keywords = {Cosmic rays, Other upper atmospheric phenomena: red sprites; blue jets; atmospheric gamma ray and intense VHF emissions, Extensive air showers, Interactions with terrestrial matter},
     year = 2009,
    month = dec,
   volume = 80,
   number = 12,
      eid = {122004},
    pages = {122004},
      doi = {10.1103/PhysRevD.80.122004},
   adsurl = {http://adsabs.harvard.edu/abs/2009PhRvD..80l2004A},
  adsnote = {Provided by the SAO/NASA Astrophysics Data System}
}
@ARTICLE{2012ApJ...749...26B,
   author = {{Buehler}, R. and {Scargle}, J.~D. and {Blandford}, R.~D. and 
	{Baldini}, L. and {Baring}, M.~G. and {Belfiore}, A. and {Charles}, E. and 
	{Chiang}, J. and {D'Ammando}, F. and {Dermer}, C.~D. and {Funk}, S. and 
	{Grove}, J.~E. and {Harding}, A.~K. and {Hays}, E. and {Kerr}, M. and 
	{Massaro}, F. and {Mazziotta}, M.~N. and {Romani}, R.~W. and 
	{Saz Parkinson}, P.~M. and {Tennant}, A.~F. and {Weisskopf}, M.~C.
	},
    title = "{Gamma-Ray Activity in the Crab Nebula: The Exceptional Flare of 2011 April}",
  journal = {\apj},
archivePrefix = "arXiv",
   eprint = {1112.1979},
 primaryClass = "astro-ph.HE",
 keywords = {gamma rays: stars, ISM: supernova remnants, magnetic reconnection, magnetohydrodynamics: MHD, pulsars: individual: Crab, radiation mechanisms: non-thermal},
     year = 2012,
    month = apr,
   volume = 749,
      eid = {26},
    pages = {26},
      doi = {10.1088/0004-637X/749/1/26},
   adsurl = {http://adsabs.harvard.edu/abs/2012ApJ...749...26B},
  adsnote = {Provided by the SAO/NASA Astrophysics Data System}
}
@ARTICLE{2011arXiv1101.6072K,
   author = {{Kerr}, M.},
    title = "{Likelihood Methods for the Detection and Characterization of Gamma-ray Pulsars with the Fermi Large Area Telescope}",
  journal = {ArXiv e-prints},
archivePrefix = "arXiv",
   eprint = {1101.6072},
 primaryClass = "astro-ph.IM",
 keywords = {Astrophysics - Instrumentation and Methods for Astrophysics, Astrophysics - Galaxy Astrophysics},
     year = 2011,
    month = jan,
   adsurl = {http://adsabs.harvard.edu/abs/2011arXiv1101.6072K},
  adsnote = {Provided by the SAO/NASA Astrophysics Data System}
}
@ARTICLE{2012arXiv1207.0027L,
   author = {{Lande}, J. and {Ackermann}, M. and {Allafort}, A. and {Ballet}, J. and 
	{Bechtol}, K. and {Burnett}, T. and {Cohen-Tanugi}, J. and {Drlica-Wagner}, A. and 
	{Funk}, S. and {Giordano}, F. and {Grondin}, M.-H. and {Kerr}, M. and 
	{Lemoine-Goumard}, M.},
    title = "{Search for Spatially Extended Fermi-LAT Sources Using Two Years of Data}",
  journal = {ArXiv e-prints},
archivePrefix = "arXiv",
   eprint = {1207.0027},
 primaryClass = "astro-ph.HE",
 keywords = {Astrophysics - High Energy Astrophysical Phenomena},
     year = 2012,
    month = jun,
   adsurl = {http://adsabs.harvard.edu/abs/2012arXiv1207.0027L},
  adsnote = {Provided by the SAO/NASA Astrophysics Data System}
}
@ARTICLE{1996ApJ...461..396M,
   author = {{Mattox}, J.~R. and {Bertsch}, D.~L. and {Chiang}, J. and {Dingus}, B.~L. and 
	{Digel}, S.~W. and {Esposito}, J.~A. and {Fierro}, J.~M. and 
	{Hartman}, R.~C. and {Hunter}, S.~D. and {Kanbach}, G. and {Kniffen}, D.~A. and 
	{Lin}, Y.~C. and {Macomb}, D.~J. and {Mayer-Hasselwander}, H.~A. and 
	{Michelson}, P.~F. and {von Montigny}, C. and {Mukherjee}, R. and 
	{Nolan}, P.~L. and {Ramanamurthy}, P.~V. and {Schneid}, E. and 
	{Sreekumar}, P. and {Thompson}, D.~J. and {Willis}, T.~D.},
    title = "{The Likelihood Analysis of EGRET Data}",
  journal = {\apj},
 keywords = {GAMMA RAYS: OBSERVATIONS, METHODS: DATA ANALYSIS, METHODS: STATISTICAL},
     year = 1996,
    month = apr,
   volume = 461,
    pages = {396},
      doi = {10.1086/177068},
   adsurl = {http://adsabs.harvard.edu/abs/1996ApJ...461..396M},
  adsnote = {Provided by the SAO/NASA Astrophysics Data System}
}
@ARTICLE{JamesRoos1975,
   author = {{James}, F. and {Roos}, M.},
    title = "{}",
  journal = {Comput. Phys. Commun.},
 keywords = {},
     year = 1975,
    month = ,
   volume = 10,
    pages = {343},
      doi = {},
   adsurl = {},
  adsnote = {}
}
@ARTICLE{2012ApJS..199...31N,
   author = {{Nolan}, P.~L. and {Abdo}, A.~A. and {Ackermann}, M. and {Ajello}, M. and 
	{Allafort}, A. and {Antolini}, E. and {Atwood}, W.~B. and {Axelsson}, M. and 
	{Baldini}, L. and {Ballet}, J. and et al.},
    title = "{Fermi Large Area Telescope Second Source Catalog}",
  journal = {\apjs},
archivePrefix = "arXiv",
   eprint = {1108.1435},
 primaryClass = "astro-ph.HE",
 keywords = {catalogs, gamma rays: general },
     year = 2012,
    month = apr,
   volume = 199,
      eid = {31},
    pages = {31},
      doi = {10.1088/0067-0049/199/2/31},
   adsurl = {http://adsabs.harvard.edu/abs/2012ApJS..199...31N},
  adsnote = {Provided by the SAO/NASA Astrophysics Data System}
}
@ARTICLE{2010ApJ...722.1303A,
   author = {{Abdo}, A.~A. and {Ackermann}, M. and {Ajello}, M. and {Baldini}, L. and 
	{Ballet}, J. and {Barbiellini}, G. and {Bastieri}, D. and {Bechtol}, K. and 
	{Bellazzini}, R. and {Bloom}, E.~D. and {Bonamente}, E. and 
	{Borgland}, A.~W. and {Bouvier}, A. and {Bregeon}, J. and {Brez}, A. and 
	{Brigida}, M. and {Bruel}, P. and {Buehler}, R. and {Buson}, S. and 
	{Caliandro}, G.~A. and {Cameron}, R.~A. and {Caraveo}, P.~A. and 
	{Casandjian}, J.~M. and {Cecchi}, C. and {{\c C}elik}, {\"O}. and 
	{Cheung}, C.~C. and {Chiang}, J. and {Ciprini}, S. and {Claus}, R. and 
	{Cohen-Tanugi}, J. and {Conrad}, J. and {Dermer}, C.~D. and 
	{de Palma}, F. and {Digel}, S.~W. and {Silva}, E.~d.~C.~e. and 
	{Drell}, P.~S. and {Dumora}, D. and {Favuzzi}, C. and {Funk}, S. and 
	{Fusco}, P. and {Gargano}, F. and {Gehrels}, N. and {Giglietto}, N. and 
	{Giordano}, F. and {Giroletti}, M. and {Glanzman}, T. and {Godfrey}, G. and 
	{Grenier}, I.~A. and {Grondin}, M.-H. and {Grove}, J.~E. and 
	{Guillemot}, L. and {Guiriec}, S. and {Hadasch}, D. and {Hanabata}, Y. and 
	{Harding}, A.~K. and {Hayashida}, M. and {Hays}, E. and {Horan}, D. and 
	{Hughes}, R.~E. and {Jackson}, M.~S. and {J{\'o}hannesson}, G. and 
	{Johnson}, A.~S. and {Johnson}, W.~N. and {Kamae}, T. and {Katagiri}, H. and 
	{Kataoka}, J. and {Katsuta}, J. and {Kn{\"o}dlseder}, J. and 
	{Kuss}, M. and {Lande}, J. and {Latronico}, L. and {Lee}, S.-H. and 
	{Lemoine-Goumard}, M. and {Longo}, F. and {Loparco}, F. and 
	{Lovellette}, M.~N. and {Lubrano}, P. and {Makeev}, A. and {Mazziotta}, M.~N. and 
	{Mizuno}, T. and {Monte}, C. and {Monzani}, M.~E. and {Morselli}, A. and 
	{Moskalenko}, I.~V. and {Murgia}, S. and {Naumann-Godo}, M. and 
	{Nolan}, P.~L. and {Norris}, J.~P. and {Nuss}, E. and {Ohsugi}, T. and 
	{Okumura}, A. and {Omodei}, N. and {Orlando}, E. and {Ormes}, J.~F. and 
	{Pelassa}, V. and {Pepe}, M. and {Pesce-Rollins}, M. and {Piron}, F. and 
	{Rain{\`o}}, S. and {Rando}, R. and {Razzano}, M. and {Reimer}, A. and 
	{Reimer}, O. and {Reposeur}, T. and {Ripken}, J. and {Roth}, M. and 
	{Sadrozinski}, H.~F.-W. and {Sander}, A. and {Saz Parkinson}, P.~M. and 
	{Sgr{\`o}}, C. and {Siskind}, E.~J. and {Smith}, D.~A. and {Smith}, P.~D. and 
	{Spinelli}, P. and {Strickman}, M.~S. and {Suson}, D.~J. and 
	{Tajima}, H. and {Takahashi}, H. and {Takahashi}, T. and {Tanaka}, T. and 
	{Tibaldo}, L. and {Tibolla}, O. and {Torres}, D.~F. and {Tosti}, G. and 
	{Tramacere}, A. and {Uchiyama}, Y. and {Usher}, T.~L. and {Vandenbroucke}, J. and 
	{Vasileiou}, V. and {Vitale}, V. and {Waite}, A.~P. and {Wang}, P. and 
	{Winer}, B.~L. and {Wood}, K.~S. and {Ylinen}, T. and {Ziegler}, M.
	},
    title = "{Fermi-LAT Study of Gamma-ray Emission in the Direction of Supernova Remnant W49B}",
  journal = {\apj},
 keywords = {acceleration of particles, ISM: individual objects: W49B, radiation mechanisms: non-thermal},
     year = 2010,
    month = oct,
   volume = 722,
    pages = {1303-1311},
      doi = {10.1088/0004-637X/722/2/1303},
   adsurl = {http://adsabs.harvard.edu/abs/2010ApJ...722.1303A},
  adsnote = {Provided by the SAO/NASA Astrophysics Data System}
}
@ARTICLE{2011ApJ...740L..12W,
   author = {{Wu}, J.~H.~K. and {Wu}, E.~M.~H. and {Hui}, C.~Y. and {Tam}, P.~H.~T. and 
	{Huang}, R.~H.~H. and {Kong}, A.~K.~H. and {Cheng}, K.~S.},
    title = "{Discovery of Gamma-Ray Emission from the Supernova Remnant Kes 17 with Fermi Large Area Telescope}",
  journal = {\apjl},
archivePrefix = "arXiv",
   eprint = {1108.4084},
 primaryClass = "astro-ph.HE",
 keywords = {acceleration of particles, cosmic rays, gamma rays: ISM, ISM: individual objects: Kes 17},
     year = 2011,
    month = oct,
   volume = 740,
      eid = {L12},
    pages = {L12},
      doi = {10.1088/2041-8205/740/1/L12},
   adsurl = {http://adsabs.harvard.edu/abs/2011ApJ...740L..12W},
  adsnote = {Provided by the SAO/NASA Astrophysics Data System}
}
@ARTICLE{2011ApJ...726...35A,
   author = {{Ackermann}, M. and {Ajello}, M. and {Baldini}, L. and {Ballet}, J. and 
	{Barbiellini}, G. and {Bastieri}, D. and {Bechtol}, K. and {Bellazzini}, R. and 
	{Berenji}, B. and {Bloom}, E.~D. and {Bonamente}, E. and {Borgland}, A.~W. and 
	{Bouvier}, A. and {Bregeon}, J. and {Brez}, A. and {Brigida}, M. and 
	{Bruel}, P. and {Buehler}, R. and {Buson}, S. and {Caliandro}, G.~A. and 
	{Cameron}, R.~A. and {Camilo}, F. and {Caraveo}, P.~A. and {Casandjian}, J.~M. and 
	{Cecchi}, C. and {{\c C}elik}, {\"O}. and {Charles}, E. and 
	{Chekhtman}, A. and {Cheung}, C.~C. and {Chiang}, J. and {Ciprini}, S. and 
	{Claus}, R. and {Cognard}, I. and {Cohen-Tanugi}, J. and {Conrad}, J. and 
	{Dermer}, C.~D. and {de Angelis}, A. and {de Luca}, A. and {de Palma}, F. and 
	{Digel}, S.~W. and {Silva}, E.~d.~C.~e. and {Drell}, P.~S. and 
	{Dubois}, R. and {Dumora}, D. and {Favuzzi}, C. and {Focke}, W.~B. and 
	{Frailis}, M. and {Fukazawa}, Y. and {Funk}, S. and {Fusco}, P. and 
	{Gargano}, F. and {Germani}, S. and {Giglietto}, N. and {Giommi}, P. and 
	{Giordano}, F. and {Giroletti}, M. and {Glanzman}, T. and {Godfrey}, G. and 
	{Grenier}, I.~A. and {Grondin}, M.-H. and {Grove}, J.~E. and 
	{Guillemot}, L. and {Guiriec}, S. and {Hadasch}, D. and {Hanabata}, Y. and 
	{Harding}, A.~K. and {Hayashi}, K. and {Hays}, E. and {Hobbs}, G. and 
	{Hughes}, R.~E. and {J{\'o}hannesson}, G. and {Johnson}, A.~S. and 
	{Johnson}, W.~N. and {Johnston}, S. and {Kamae}, T. and {Katagiri}, H. and 
	{Kataoka}, J. and {Keith}, M. and {Kerr}, M. and {Kn{\"o}dlseder}, J. and 
	{Kramer}, M. and {Kuss}, M. and {Lande}, J. and {Latronico}, L. and 
	{Lee}, S.-H. and {Lemoine-Goumard}, M. and {Longo}, F. and {Loparco}, F. and 
	{Lovellette}, M.~N. and {Lubrano}, P. and {Lyne}, A.~G. and 
	{Makeev}, A. and {Marelli}, M. and {Mazziotta}, M.~N. and {McEnery}, J.~E. and 
	{Mehault}, J. and {Michelson}, P.~F. and {Mizuno}, T. and {Moiseev}, A.~A. and 
	{Monte}, C. and {Monzani}, M.~E. and {Morselli}, A. and {Moskalenko}, I.~V. and 
	{Murgia}, S. and {Nakamori}, T. and {Naumann-Godo}, M. and {Nolan}, P.~L. and 
	{Noutsos}, A. and {Nuss}, E. and {Ohsugi}, T. and {Okumura}, A. and 
	{Ormes}, J.~F. and {Paneque}, D. and {Panetta}, J.~H. and {Parent}, D. and 
	{Pelassa}, V. and {Pepe}, M. and {Pesce-Rollins}, M. and {Piron}, F. and 
	{Porter}, T.~A. and {Rain{\`o}}, S. and {Rando}, R. and {Ransom}, S.~M. and 
	{Ray}, P.~S. and {Razzano}, M. and {Rea}, N. and {Reimer}, A. and 
	{Reimer}, O. and {Reposeur}, T. and {Ripken}, J. and {Ritz}, S. and 
	{Romani}, R.~W. and {Sadrozinski}, H.~F.-W. and {Sander}, A. and 
	{Saz Parkinson}, P.~M. and {Sgr{\`o}}, C. and {Siskind}, E.~J. and 
	{Smith}, D.~A. and {Smith}, P.~D. and {Spandre}, G. and {Spinelli}, P. and 
	{Strickman}, M.~S. and {Suson}, D.~J. and {Takahashi}, H. and 
	{Takahashi}, T. and {Tanaka}, T. and {Thayer}, J.~B. and {Thayer}, J.~G. and 
	{Theureau}, G. and {Thompson}, D.~J. and {Thorsett}, S.~E. and 
	{Tibaldo}, L. and {Torres}, D.~F. and {Tosti}, G. and {Tramacere}, A. and 
	{Uchiyama}, Y. and {Uehara}, T. and {Usher}, T.~L. and {Vandenbroucke}, J. and 
	{Van Etten}, A. and {Vasileiou}, V. and {Vilchez}, N. and {Vitale}, V. and 
	{Waite}, A.~P. and {Wang}, P. and {Weltevrede}, P. and {Winer}, B.~L. and 
	{Wood}, K.~S. and {Yang}, Z. and {Ylinen}, T. and {Ziegler}, M.
	},
    title = "{Fermi-LAT Search for Pulsar Wind Nebulae Around Gamma-ray Pulsars}",
  journal = {\apj},
archivePrefix = "arXiv",
   eprint = {1011.2076},
 primaryClass = "astro-ph.HE",
 keywords = {catalogs, gamma rays: general, pulsars: general},
     year = 2011,
    month = jan,
   volume = 726,
      eid = {35},
    pages = {35},
      doi = {10.1088/0004-637X/726/1/35},
   adsurl = {http://adsabs.harvard.edu/abs/2011ApJ...726...35A},
  adsnote = {Provided by the SAO/NASA Astrophysics Data System}
}
@ARTICLE{2010ApJS..188..405A,
   author = {{Abdo}, A.~A. and {Ackermann}, M. and {Ajello}, M. and {Allafort}, A. and 
	{Antolini}, E. and {Atwood}, W.~B. and {Axelsson}, M. and {Baldini}, L. and 
	{Ballet}, J. and {Barbiellini}, G. and et al.},
    title = "{Fermi Large Area Telescope First Source Catalog}",
  journal = {\apjs},
archivePrefix = "arXiv",
   eprint = {1002.2280},
 primaryClass = "astro-ph.HE",
 keywords = {catalogs, gamma rays: general},
     year = 2010,
    month = jun,
   volume = 188,
    pages = {405-436},
      doi = {10.1088/0067-0049/188/2/405},
   adsurl = {http://adsabs.harvard.edu/abs/2010ApJS..188..405A},
  adsnote = {Provided by the SAO/NASA Astrophysics Data System}
}
@ARTICLE{2010ApJS..187..460A,
   author = {{Abdo}, A.~A. and {Ackermann}, M. and {Ajello}, M. and {Atwood}, W.~B. and 
	{Axelsson}, M. and {Baldini}, L. and {Ballet}, J. and {Barbiellini}, G. and 
	{Baring}, M.~G. and {Bastieri}, D. and et al.},
    title = "{The First Fermi Large Area Telescope Catalog of Gamma-ray Pulsars}",
  journal = {\apjs},
archivePrefix = "arXiv",
   eprint = {0910.1608},
 primaryClass = "astro-ph.HE",
 keywords = {catalogs, gamma rays: general, pulsars: general, stars: neutron},
     year = 2010,
    month = apr,
   volume = 187,
    pages = {460-494},
      doi = {10.1088/0067-0049/187/2/460},
   adsurl = {http://adsabs.harvard.edu/abs/2010ApJS..187..460A},
  adsnote = {Provided by the SAO/NASA Astrophysics Data System}
}
@INPROCEEDINGS{2009ASSL..357..451D,
   author = {{de Jager}, O.~C. and {Djannati-Ata{\"i}}, A.},
    title = "{Implications of HESS Observations of Pulsar}",
booktitle = {Astrophysics and Space Science Library},
     year = 2009,
   series = {Astrophysics and Space Science Library},
   volume = 357,
   editor = {{Becker}, W.},
    pages = {451},
      doi = {10.1007/978-3-540-76965-1_17},
   adsurl = {http://adsabs.harvard.edu/abs/2009ASSL..357..451D},
  adsnote = {Provided by the SAO/NASA Astrophysics Data System}
}
@ARTICLE{2009arXiv0906.2644D,
   author = {{de Jager}, O.~C. and {Ferreira}, S.~E.~S. and {Djannati-Ata{\"i}}, A. and 
	{Dalton}, M. and {Deil}, C. and {Kosack}, K. and {Renaud}, M. and 
	{Schwanke}, U. and {Tibolla}, O.},
    title = "{Unidentified Gamma-Ray Sources as Ancient Pulsar Wind Nebulae}",
  journal = {ArXiv e-prints},
archivePrefix = "arXiv",
   eprint = {0906.2644},
 primaryClass = "astro-ph.HE",
 keywords = {Astrophysics - High Energy Astrophysical Phenomena},
     year = 2009,
    month = jun,
   adsurl = {http://adsabs.harvard.edu/abs/2009arXiv0906.2644D},
  adsnote = {Provided by the SAO/NASA Astrophysics Data System}
}
@ARTICLE{2011arXiv1104.1197U,
   author = {{Uchiyama}, Y. },
    title = "{GeV Gamma Rays from Supernova Remnants Interacting with Molecular Clouds}",
  journal = {ArXiv e-prints},
archivePrefix = "arXiv",
   eprint = {1104.1197},
 primaryClass = "astro-ph.HE",
 keywords = {Astrophysics - High Energy Astrophysical Phenomena},
     year = 2011,
    month = apr,
   adsurl = {http://adsabs.harvard.edu/abs/2011arXiv1104.1197U},
  adsnote = {Provided by the SAO/NASA Astrophysics Data System}
}
@ARTICLE{2010ApJ...713..146A,
   author = {{Abdo}, A.~A. and {Ackermann}, M. and {Ajello}, M. and {Allafort}, A. and 
	{Baldini}, L. and {Ballet}, J. and {Barbiellini}, G. and {Bastieri}, D. and 
	{Bechtol}, K. and {Bellazzini}, R. and {Berenji}, B. and {Blandford}, R.~D. and 
	{Bloom}, E.~D. and {Bonamente}, E. and {Borgland}, A.~W. and 
	{Bouvier}, A. and {Bregeon}, J. and {Brez}, A. and {Brigida}, M. and 
	{Bruel}, P. and {Burnett}, T.~H. and {Buson}, S. and {Caliandro}, G.~A. and 
	{Cameron}, R.~A. and {Caraveo}, P.~A. and {Carrigan}, S. and 
	{Casandjian}, J.~M. and {Cecchi}, C. and {{\c C}elik}, {\"O}. and 
	{Chekhtman}, A. and {Chung}, C.~C. and {Chiang}, J. and {Ciprini}, S. and 
	{Claus}, R. and {Cohen-Tanugi}, J. and {Conrad}, J. and {de Angelis}, A. and 
	{de Palma}, F. and {Dormody}, M. and {Silva}, E.~d.~C.~e. and 
	{Drell}, P.~S. and {Dubois}, R. and {Dumora}, D. and {Farnier}, C. and 
	{Favuzzi}, C. and {Fegan}, S.~J. and {Focke}, W.~B. and {Fortin}, P. and 
	{Frailis}, M. and {Fukazawa}, Y. and {Funk}, S. and {Fusco}, P. and 
	{Gargano}, F. and {Gehrels}, N. and {Germani}, S. and {Giavitto}, G. and 
	{Giglietto}, N. and {Giordano}, F. and {Glanzman}, T. and {Godfrey}, G. and 
	{Grenier}, I.~A. and {Grondin}, M.-H. and {Grove}, J.~E. and 
	{Guillemot}, L. and {Guiriec}, S. and {Harding}, A.~K. and {Hayashida}, M. and 
	{Hays}, E. and {Horan}, D. and {Hughes}, R.~E. and {Jackson}, M.~S. and 
	{J{\'o}hannesson}, G. and {Johnson}, A.~S. and {Johnson}, T.~J. and 
	{Johnson}, W.~N. and {Johnston}, S. and {Kamae}, T. and {Katagiri}, H. and 
	{Kataoka}, J. and {Kawai}, N. and {Kerr}, M. and {Kn{\"o}dlseder}, J. and 
	{Kuss}, M. and {Lande}, J. and {Latronico}, L. and {Lee}, S.-H. and 
	{Lemoine-Goumard}, M. and {Llena Garde}, M. and {Longo}, F. and 
	{Loparco}, F. and {Lott}, B. and {Lovellette}, M.~N. and {Lubrano}, P. and 
	{Makeev}, A. and {Marelli}, M. and {Mazziotta}, M.~N. and {McEnery}, J.~E. and 
	{Meurer}, C. and {Michelson}, P.~F. and {Mitthumsiri}, W. and 
	{Mizuno}, T. and {Moiseev}, A.~A. and {Monte}, C. and {Monzani}, M.~E. and 
	{Morselli}, A. and {Moskalenko}, I.~V. and {Murgia}, S. and 
	{Nakamori}, T. and {Nolan}, P.~L. and {Norris}, J.~P. and {Noutsos}, A. and 
	{Nuss}, E. and {Ohsugi}, T. and {Omodei}, N. and {Orlando}, E. and 
	{Ormes}, J.~F. and {Ozaki}, M. and {Paneque}, D. and {Panetta}, J.~H. and 
	{Parent}, D. and {Pelassa}, V. and {Pepe}, M. and {Pesce-Rollins}, M. and 
	{Pierbattista}, M. and {Piron}, F. and {Porter}, T.~A. and {Rain{\`o}}, S. and 
	{Rando}, R. and {Ray}, P.~S. and {Rea}, N. and {Reimer}, A. and 
	{Reimer}, O. and {Reposeur}, T. and {Ritz}, S. and {Rodriguez}, A.~Y. and 
	{Romani}, R.~W. and {Roth}, M. and {Ryde}, F. and {Sadrozinski}, H.~F.-W. and 
	{Sanchez}, D. and {Sander}, A. and {Saz Parkinson}, P.~M. and 
	{Scargle}, J.~D. and {Sgr{\`o}}, C. and {Siskind}, E.~J. and 
	{Smith}, D.~A. and {Smith}, P.~D. and {Spandre}, G. and {Spinelli}, P. and 
	{Strickman}, M.~S. and {Suson}, D.~J. and {Tajima}, H. and {Takahashi}, H. and 
	{Takahashi}, T. and {Tanaka}, T. and {Thayer}, J.~B. and {Thayer}, J.~G. and 
	{Thompson}, D.~J. and {Tibaldo}, L. and {Torres}, D.~F. and 
	{Tosti}, G. and {Tramacere}, A. and {Uchiyama}, Y. and {Usher}, T.~L. and 
	{Van Etten}, A. and {Vasileiou}, V. and {Venter}, C. and {Vilchez}, N. and 
	{Vitale}, V. and {Waite}, A.~P. and {Wang}, P. and {Weltevrede}, P. and 
	{Winer}, B.~L. and {Wood}, K.~S. and {Ylinen}, T. and {Ziegler}, M.
	},
    title = "{Fermi Large Area Telescope Observations of the Vela-X Pulsar Wind Nebula}",
  journal = {\apj},
 keywords = {gamma rays: general, pulsars: general, pulsars: individual: Vela PSR J0835-4510},
     year = 2010,
    month = apr,
   volume = 713,
    pages = {146-153},
      doi = {10.1088/0004-637X/713/1/146},
   adsurl = {http://adsabs.harvard.edu/abs/2010ApJ...713..146A},
  adsnote = {Provided by the SAO/NASA Astrophysics Data System}
}
@ARTICLE{2006AA...457..899A,
   author = {{Aharonian}, F. and {Akhperjanian}, A.~G. and {Bazer-Bachi}, A.~R. and 
	{Beilicke}, M. and {Benbow}, W. and {Berge}, D. and {Bernl{\"o}hr}, K. and 
	{Boisson}, C. and {Bolz}, O. and {Borrel}, V. and {Braun}, I. and 
	{Breitling}, F. and {Brown}, A.~M. and {B{\"u}hler}, R. and 
	{B{\"u}sching}, I. and {Carrigan}, S. and {Chadwick}, P.~M. and 
	{Chounet}, L.-M. and {Cornils}, R. and {Costamante}, L. and 
	{Degrange}, B. and {Dickinson}, H.~J. and {Djannati-Ata{\"i}}, A. and 
	{O'C.~Drury}, L. and {Dubus}, G. and {Egberts}, K. and {Emmanoulopoulos}, D. and 
	{Espigat}, P. and {Feinstein}, F. and {Ferrero}, E. and {Fiasson}, A. and 
	{Fontaine}, G. and {Funk}, S. and {Funk}, S. and {Gallant}, Y.~A. and 
	{Giebels}, B. and {Glicenstein}, J.~F. and {Goret}, P. and {Hadjichristidis}, C. and 
	{Hauser}, D. and {Hauser}, M. and {Heinzelmann}, G. and {Henri}, G. and 
	{Hermann}, G. and {Hinton}, J.~A. and {Hofmann}, W. and {Holleran}, M. and 
	{Horns}, D. and {Jacholkowska}, A. and {de Jager}, O.~C. and 
	{Kh{\'e}lifi}, B. and {Komin}, N. and {Konopelko}, A. and {Kosack}, K. and 
	{Latham}, I.~J. and {Le Gallou}, R. and {Lemi{\`e}re}, A. and 
	{Lemoine-Goumard}, M. and {Lohse}, T. and {Martin}, J.~M. and 
	{Martineau-Huynh}, O. and {Marcowith}, A. and {Masterson}, C. and 
	{McComb}, T.~J.~L. and {de Naurois}, M. and {Nedbal}, D. and 
	{Nolan}, S.~J. and {Noutsos}, A. and {Orford}, K.~J. and {Osborne}, J.~L. and 
	{Ouchrif}, M. and {Panter}, M. and {Pelletier}, G. and {Pita}, S. and 
	{P{\"u}hlhofer}, G. and {Punch}, M. and {Raubenheimer}, B.~C. and 
	{Raue}, M. and {Rayner}, S.~M. and {Reimer}, A. and {Reimer}, O. and 
	{Ripken}, J. and {Rob}, L. and {Rolland}, L. and {Rowell}, G. and 
	{Sahakian}, V. and {Saug{\'e}}, L. and {Schlenker}, S. and {Schlickeiser}, R. and 
	{Schwanke}, U. and {Sol}, H. and {Spangler}, D. and {Spanier}, F. and 
	{Steenkamp}, R. and {Stegmann}, C. and {Superina}, G. and {Tavernet}, J.-P. and 
	{Terrier}, R. and {Th{\'e}oret}, C.~G. and {Tluczykont}, M. and 
	{van Eldik}, C. and {Vasileiadis}, G. and {Venter}, C. and {Vincent}, P. and 
	{V{\"o}lk}, H.~J. and {Wagner}, S.~J. and {Ward}, M.},
    title = "{Observations of the Crab nebula with HESS}",
  journal = {\aap},
   eprint = {arXiv:astro-ph/0607333},
 keywords = {gamma rays: observations, ISM: individual objects: Crab, nebula, ISM: supernova remnants},
     year = 2006,
    month = oct,
   volume = 457,
    pages = {899-915},
      doi = {10.1051/0004-6361:20065351},
   adsurl = {http://adsabs.harvard.edu/abs/2006A%26A...457..899A},
  adsnote = {Provided by the SAO/NASA Astrophysics Data System}
}
@ARTICLE{2002APh....17..221W,
   author = {{Weekes}, T.~C. and {Badran}, H. and {Biller}, S.~D. and {Bond}, I. and 
	{Bradbury}, S. and {Buckley}, J. and {Carter-Lewis}, D. and 
	{Catanese}, M. and {Criswell}, S. and {Cui}, W. and {Dowkontt}, P. and 
	{Duke}, C. and {Fegan}, D.~J. and {Finley}, J. and {Fortson}, L. and 
	{Gaidos}, J. and {Gillanders}, G.~H. and {Grindlay}, J. and 
	{Hall}, T.~A. and {Harris}, K. and {Hillas}, A.~M. and {Kaaret}, P. and 
	{Kertzman}, M. and {Kieda}, D. and {Krennrich}, F. and {Lang}, M.~J. and 
	{LeBohec}, S. and {Lessard}, R. and {Lloyd-Evans}, J. and {Knapp}, J. and 
	{McKernan}, B. and {McEnery}, J. and {Moriarty}, P. and {Muller}, D. and 
	{Ogden}, P. and {Ong}, R. and {Petry}, D. and {Quinn}, J. and 
	{Reay}, N.~W. and {Reynolds}, P.~T. and {Rose}, J. and {Salamon}, M. and 
	{Sembroski}, G. and {Sidwell}, R. and {Slane}, P. and {Stanton}, N. and 
	{Swordy}, S.~P. and {Vassiliev}, V.~V. and {Wakely}, S.~P.},
    title = "{VERITAS: the Very Energetic Radiation Imaging Telescope Array System}",
  journal = {Astroparticle Physics},
   eprint = {arXiv:astro-ph/0108478},
     year = 2002,
    month = may,
   volume = 17,
    pages = {221-243},
      doi = {10.1016/S0927-6505(01)00152-9},
   adsurl = {http://adsabs.harvard.edu/abs/2002APh....17..221W},
  adsnote = {Provided by the SAO/NASA Astrophysics Data System}
}
@ARTICLE{2012APh....35..435A,
   author = {{Aleksi{\'c}}, J. and {Alvarez}, E.~A. and {Antonelli}, L.~A. and 
	{Antoranz}, P. and {Asensio}, M. and {Backes}, M. and {Barrio}, J.~A. and 
	{Bastieri}, D. and {Becerra Gonz{\'a}lez}, J. and {Bednarek}, W. and 
	{Berdyugin}, A. and {Berger}, K. and {Bernardini}, E. and {Biland}, A. and 
	{Blanch}, O. and {Bock}, R.~K. and {Boller}, A. and {Bonnoli}, G. and 
	{Borla Tridon}, D. and {Braun}, I. and {Bretz}, T. and {Ca{\~n}ellas}, A. and 
	{Carmona}, E. and {Carosi}, A. and {Colin}, P. and {Colombo}, E. and 
	{Contreras}, J.~L. and {Cortina}, J. and {Cossio}, L. and {Covino}, S. and 
	{Dazzi}, F. and {de Angelis}, A. and {de Caneva}, G. and {de Cea Del Pozo}, E. and 
	{de Lotto}, B. and {Delgado Mendez}, C. and {Diago Ortega}, A. and 
	{Doert}, M. and {Dom{\'{\i}}nguez}, A. and {Dominis Prester}, D. and 
	{Dorner}, D. and {Doro}, M. and {Elsaesser}, D. and {Ferenc}, D. and 
	{Fonseca}, M.~V. and {Font}, L. and {Fruck}, C. and {Garc{\'{\i}}a L{\'o}pez}, R.~J. and 
	{Garczarczyk}, M. and {Garrido}, D. and {Giavitto}, G. and {Godinovi{\'c}}, N. and 
	{Hadasch}, D. and {H{\"a}fner}, D. and {Herrero}, A. and {Hildebrand}, D. and 
	{H{\"o}hne-M{\"o}nch}, D. and {Hose}, J. and {Hrupec}, D. and 
	{Huber}, B. and {Jogler}, T. and {Kellermann}, H. and {Klepser}, S. and 
	{Kr{\"a}henb{\"u}hl}, T. and {Krause}, J. and {La Barbera}, A. and 
	{Lelas}, D. and {Leonardo}, E. and {Lindfors}, E. and {Lombardi}, S. and 
	{L{\'o}pez}, M. and {L{\'o}pez-Oramas}, A. and {Lorenz}, E. and 
	{Makariev}, M. and {Maneva}, G. and {Mankuzhiyil}, N. and {Mannheim}, K. and 
	{Maraschi}, L. and {Mariotti}, M. and {Mart{\'{\i}}nez}, M. and 
	{Mazin}, D. and {Meucci}, M. and {Miranda}, J.~M. and {Mirzoyan}, R. and 
	{Miyamoto}, H. and {Mold{\'o}n}, J. and {Moralejo}, A. and {Munar-Adrover}, P. and 
	{Nieto}, D. and {Nilsson}, K. and {Orito}, R. and {Oya}, I. and 
	{Paneque}, D. and {Paoletti}, R. and {Pardo}, S. and {Paredes}, J.~M. and 
	{Partini}, S. and {Pasanen}, M. and {Pauss}, F. and {Perez-Torres}, M.~A. and 
	{Persic}, M. and {Peruzzo}, L. and {Pilia}, M. and {Pochon}, J. and 
	{Prada}, F. and {Prada Moroni}, P.~G. and {Prandini}, E. and 
	{Puljak}, I. and {Reichardt}, I. and {Reinthal}, R. and {Rhode}, W. and 
	{Rib{\'o}}, M. and {Rico}, J. and {R{\"u}gamer}, S. and {Saggion}, A. and 
	{Saito}, K. and {Saito}, T.~Y. and {Salvati}, M. and {Satalecka}, K. and 
	{Scalzotto}, V. and {Scapin}, V. and {Schultz}, C. and {Schweizer}, T. and 
	{Shayduk}, M. and {Shore}, S.~N. and {Sillanp{\"a}{\"a}}, A. and 
	{Sitarek}, J. and {Snidaric}, I. and {Sobczynska}, D. and {Spanier}, F. and 
	{Spiro}, S. and {Stamatescu}, V. and {Stamerra}, A. and {Steinke}, B. and 
	{Storz}, J. and {Strah}, N. and {Suri{\'c}}, T. and {Takalo}, L. and 
	{Takami}, H. and {Tavecchio}, F. and {Temnikov}, P. and {Terzi{\'c}}, T. and 
	{Tescaro}, D. and {Teshima}, M. and {Tibolla}, O. and {Torres}, D.~F. and 
	{Treves}, A. and {Uellenbeck}, M. and {Vankov}, H. and {Vogler}, P. and 
	{Wagner}, R.~M. and {Weitzel}, Q. and {Zabalza}, V. and {Zandanel}, F. and 
	{Zanin}, R.},
    title = "{Performance of the MAGIC stereo system obtained with Crab Nebula data}",
  journal = {Astroparticle Physics},
archivePrefix = "arXiv",
   eprint = {1108.1477},
 primaryClass = "astro-ph.IM",
     year = 2012,
    month = feb,
   volume = 35,
    pages = {435-448},
      doi = {10.1016/j.astropartphys.2011.11.007},
   adsurl = {http://adsabs.harvard.edu/abs/2012APh....35..435A},
  adsnote = {Provided by the SAO/NASA Astrophysics Data System}
}
@ARTICLE{2007ApJ...658L..33A,
   author = {{Abdo}, A.~A. and {Allen}, B. and {Berley}, D. and {Blaufuss}, E. and 
	{Casanova}, S. and {Chen}, C. and {Coyne}, D.~G. and {Delay}, R.~S. and 
	{Dingus}, B.~L. and {Ellsworth}, R.~W. and {Fleysher}, L. and 
	{Fleysher}, R. and {Gebauer}, I. and {Gonzalez}, M.~M. and {Goodman}, J.~A. and 
	{Hays}, E. and {Hoffman}, C.~M. and {Kolterman}, B.~E. and {Kelley}, L.~A. and 
	{Lansdell}, C.~P. and {Linnemann}, J.~T. and {McEnery}, J.~E. and 
	{Mincer}, A.~I. and {Moskalenko}, I.~V. and {Nemethy}, P. and 
	{Noyes}, D. and {Ryan}, J.~M. and {Samuelson}, F.~W. and {Saz Parkinson}, P.~M. and 
	{Schneider}, M. and {Shoup}, A. and {Sinnis}, G. and {Smith}, A.~J. and 
	{Strong}, A.~W. and {Sullivan}, G.~W. and {Vasileiou}, V. and 
	{Walker}, G.~P. and {Williams}, D.~A. and {Xu}, X.~W. and {Yodh}, G.~B.
	},
    title = "{Discovery of TeV Gamma-Ray Emission from the Cygnus Region of the Galaxy}",
  journal = {\apjl},
   eprint = {arXiv:astro-ph/0611691},
 keywords = {Acceleration of Particles, ISM: Cosmic Rays, Gamma Rays: Observations, pulsars: individual (G75.2+0.1)},
     year = 2007,
    month = mar,
   volume = 658,
    pages = {L33-L36},
      doi = {10.1086/513696},
   adsurl = {http://adsabs.harvard.edu/abs/2007ApJ...658L..33A},
  adsnote = {Provided by the SAO/NASA Astrophysics Data System}
}
@ARTICLE{2007ApJ...658L..33A,
   author = {{Abdo}, A.~A. and {Allen}, B. and {Berley}, D. and {Blaufuss}, E. and 
	{Casanova}, S. and {Chen}, C. and {Coyne}, D.~G. and {Delay}, R.~S. and 
	{Dingus}, B.~L. and {Ellsworth}, R.~W. and {Fleysher}, L. and 
	{Fleysher}, R. and {Gebauer}, I. and {Gonzalez}, M.~M. and {Goodman}, J.~A. and 
	{Hays}, E. and {Hoffman}, C.~M. and {Kolterman}, B.~E. and {Kelley}, L.~A. and 
	{Lansdell}, C.~P. and {Linnemann}, J.~T. and {McEnery}, J.~E. and 
	{Mincer}, A.~I. and {Moskalenko}, I.~V. and {Nemethy}, P. and 
	{Noyes}, D. and {Ryan}, J.~M. and {Samuelson}, F.~W. and {Saz Parkinson}, P.~M. and 
	{Schneider}, M. and {Shoup}, A. and {Sinnis}, G. and {Smith}, A.~J. and 
	{Strong}, A.~W. and {Sullivan}, G.~W. and {Vasileiou}, V. and 
	{Walker}, G.~P. and {Williams}, D.~A. and {Xu}, X.~W. and {Yodh}, G.~B.
	},
    title = "{Discovery of TeV Gamma-Ray Emission from the Cygnus Region of the Galaxy}",
  journal = {\apjl},
   eprint = {arXiv:astro-ph/0611691},
 keywords = {Acceleration of Particles, ISM: Cosmic Rays, Gamma Rays: Observations, pulsars: individual (G75.2+0.1)},
     year = 2007,
    month = mar,
   volume = 658,
    pages = {L33-L36},
      doi = {10.1086/513696},
   adsurl = {http://adsabs.harvard.edu/abs/2007ApJ...658L..33A},
  adsnote = {Provided by the SAO/NASA Astrophysics Data System}
}
@ARTICLE{1999ApJ...515..712R,
   author = {{Roberts}, M.~S.~E. and {Romani}, R.~W. and {Johnston}, S. and 
	{Green}, A.~J.},
    title = "{The ``Rabbit'': A Potential Radio Counterpart of GEV J1417-6100}",
  journal = {\apj},
   eprint = {arXiv:astro-ph/9811113},
 keywords = {GAMMA RAYS: OBSERVATIONS, STARS: PULSARS: GENERAL, RADIO CONTINUUM: ISM, ISM: SUPERNOVA REMNANTS},
     year = 1999,
    month = apr,
   volume = 515,
    pages = {712-720},
      doi = {10.1086/307058},
   adsurl = {http://adsabs.harvard.edu/abs/1999ApJ...515..712R},
  adsnote = {Provided by the SAO/NASA Astrophysics Data System}
}
@ARTICLE{1999ApJS..123...79H,
   author = {{Hartman}, R.~C. and {Bertsch}, D.~L. and {Bloom}, S.~D. and 
	{Chen}, A.~W. and {Deines-Jones}, P. and {Esposito}, J.~A. and 
	{Fichtel}, C.~E. and {Friedlander}, D.~P. and {Hunter}, S.~D. and 
	{McDonald}, L.~M. and {Sreekumar}, P. and {Thompson}, D.~J. and 
	{Jones}, B.~B. and {Lin}, Y.~C. and {Michelson}, P.~F. and {Nolan}, P.~L. and 
	{Tompkins}, W.~F. and {Kanbach}, G. and {Mayer-Hasselwander}, H.~A. and 
	{M{\"u}cke}, A. and {Pohl}, M. and {Reimer}, O. and {Kniffen}, D.~A. and 
	{Schneid}, E.~J. and {von Montigny}, C. and {Mukherjee}, R. and 
	{Dingus}, B.~L.},
    title = "{The Third EGRET Catalog of High-Energy Gamma-Ray Sources}",
  journal = {\apjs},
 keywords = {CATALOGS, GALAXIES: ACTIVE, GAMMA RAYS: OBSERVATIONS, STARS: PULSARS: GENERAL, SUN: FLARES},
     year = 1999,
    month = jul,
   volume = 123,
    pages = {79-202},
      doi = {10.1086/313231},
   adsurl = {http://adsabs.harvard.edu/abs/1999ApJS..123...79H},
  adsnote = {Provided by the SAO/NASA Astrophysics Data System}
}
@ARTICLE{2001ApJ...552L..45D,
   author = {{D'Amico}, N. and {Kaspi}, V.~M. and {Manchester}, R.~N. and 
	{Camilo}, F. and {Lyne}, A.~G. and {Possenti}, A. and {Stairs}, I.~H. and 
	{Kramer}, M. and {Crawford}, F. and {Bell}, J.~F. and {McKay}, N.~P.~F. and 
	{Gaensler}, B.~M. and {Roberts}, M.~S.~E.},
    title = "{Two Young Radio Pulsars Coincident with EGRET Sources}",
  journal = {\apjl},
 keywords = {Stars: Pulsars: General, Stars: Pulsars: Individual: Alphanumeric: PSR 1420-6048, pulsars: individual (PSR J1837-0604), Stars: Neutron},
     year = 2001,
    month = may,
   volume = 552,
    pages = {L45-L48},
      doi = {10.1086/320264},
   adsurl = {http://adsabs.harvard.edu/abs/2001ApJ...552L..45D},
  adsnote = {Provided by the SAO/NASA Astrophysics Data System}
}
@ARTICLE{2010ApJ...711.1168V,
   author = {{Van Etten}, A. and {Romani}, R.~W.},
    title = "{The Extended X-ray Nebula of PSR J1420-6048}",
  journal = {\apj},
archivePrefix = "arXiv",
   eprint = {1001.4807},
 primaryClass = "astro-ph.HE",
 keywords = {pulsars: individual: PSR J1420-6048, X-rays: general},
     year = 2010,
    month = mar,
   volume = 711,
    pages = {1168-1173},
      doi = {10.1088/0004-637X/711/2/1168},
   adsurl = {http://adsabs.harvard.edu/abs/2010ApJ...711.1168V},
  adsnote = {Provided by the SAO/NASA Astrophysics Data System}
}
@ARTICLE{2006AA...456..245A,
   author = {{Aharonian}, F. and {Akhperjanian}, A.~G. and {Bazer-Bachi}, A.~R. and 
	{Beilicke}, M. and {Benbow}, W. and {Berge}, D. and {Bernl{\"o}hr}, K. and 
	{Boisson}, C. and {Bolz}, O. and {Borrel}, V. and {Braun}, I. and 
	{Brown}, A.~M. and {B{\"u}hler}, R. and {B{\"u}sching}, I. and 
	{Carrigan}, S. and {Chadwick}, P.~M. and {Chounet}, L.-M. and 
	{Cornils}, R. and {Costamante}, L. and {Degrange}, B. and {Dickinson}, H.~J. and 
	{Djannati-Ata{\"i}}, A. and {O'C.~Drury}, L. and {Dubus}, G. and 
	{Egberts}, K. and {Emmanoulopoulos}, D. and {Espigat}, P. and 
	{Feinstein}, F. and {Ferrero}, E. and {Fiasson}, A. and {Fontaine}, G. and 
	{Funk}, S. and {Funk}, S. and {F{\"u}{\ss}ling}, M. and {Gallant}, Y.~A. and 
	{Giebels}, B. and {Glicenstein}, J.~F. and {Goret}, P. and {Hadjichristidis}, C. and 
	{Hauser}, D. and {Hauser}, M. and {Heinzelmann}, G. and {Henri}, G. and 
	{Hermann}, G. and {Hinton}, J.~A. and {Hoffmann}, A. and {Hofmann}, W. and 
	{Holleran}, M. and {Horns}, D. and {Jacholkowska}, A. and {de Jager}, O.~C. and 
	{Kendziorra}, E. and {Kh{\'e}lifi}, B. and {Komin}, N. and {Konopelko}, A. and 
	{Kosack}, K. and {Latham}, I.~J. and {Le Gallou}, R. and {Lemi{\`e}re}, A. and 
	{Lemoine-Goumard}, M. and {Lohse}, T. and {Martin}, J.~M. and 
	{Martineau-Huynh}, O. and {Marcowith}, A. and {Masterson}, C. and 
	{Maurin}, G. and {McComb}, T.~J.~L. and {de Naurois}, M. and 
	{Nedbal}, D. and {Nolan}, S.~J. and {Noutsos}, A. and {Orford}, K.~J. and 
	{Osborne}, J.~L. and {Ouchrif}, M. and {Panter}, M. and {Pelletier}, G. and 
	{Pita}, S. and {P{\"u}hlhofer}, G. and {Punch}, M. and {Raubenheimer}, B.~C. and 
	{Raue}, M. and {Rayner}, S.~M. and {Reimer}, A. and {Reimer}, O. and 
	{Ripken}, J. and {Rob}, L. and {Rolland}, L. and {Rowell}, G. and 
	{Sahakian}, V. and {Santangelo}, A. and {Saug{\'e}}, L. and 
	{Schlenker}, S. and {Schlickeiser}, R. and {Schr{\"o}der}, R. and 
	{Schwanke}, U. and {Schwarzburg}, S. and {Shalchi}, A. and {Sol}, H. and 
	{Spangler}, D. and {Spanier}, F. and {Steenkamp}, R. and {Stegmann}, C. and 
	{Superina}, G. and {Tavernet}, J.-P. and {Terrier}, R. and {Th{\'e}oret}, C.~G. and 
	{Tluczykont}, M. and {van Eldik}, C. and {Vasileiadis}, G. and 
	{Venter}, C. and {Vincent}, P. and {V{\"o}lk}, H.~J. and {Wagner}, S.~J. and 
	{Ward}, M.},
    title = "{Discovery of the two ''wings'' of the Kookaburra complex in VHE {$\gamma$}-rays with HESS}",
  journal = {\aap},
   eprint = {arXiv:astro-ph/0606311},
 keywords = {ISM: general, gamma rays: observations, radiation mechanisms: non-thermal},
     year = 2006,
    month = sep,
   volume = 456,
    pages = {245-251},
      doi = {10.1051/0004-6361:20065511},
   adsurl = {http://adsabs.harvard.edu/abs/2006A%26A...456..245A},
  adsnote = {Provided by the SAO/NASA Astrophysics Data System}
}
@ARTICLE{2004ApJ...611L..25C,
   author = {{Camilo}, F. and {Manchester}, R.~N. and {Lyne}, A.~G. and {Gaensler}, B.~M. and 
	{Possenti}, A. and {D'Amico}, N. and {Stairs}, I.~H. and {Faulkner}, A.~J. and 
	{Kramer}, M. and {Lorimer}, D.~R. and {McLaughlin}, M.~A. and 
	{Hobbs}, G.},
    title = "{The Very Young Radio Pulsar J1357-6429}",
  journal = {\apjl},
   eprint = {arXiv:astro-ph/0406528},
 keywords = {ISM: Individual: Alphanumeric: G309.8-2.6, Stars: Pulsars: Individual: Alphanumeric: PSR J1357-6429},
     year = 2004,
    month = aug,
   volume = 611,
    pages = {L25-L28},
      doi = {10.1086/423620},
   adsurl = {http://adsabs.harvard.edu/abs/2004ApJ...611L..25C},
  adsnote = {Provided by the SAO/NASA Astrophysics Data System}
}
@ARTICLE{2007ApJ...665L.143Z,
   author = {{Zavlin}, V.~E.},
    title = "{First X-Ray Observations of the Young Pulsar J1357-6429}",
  journal = {\apjl},
   eprint = {arXiv:astro-ph/0703802},
 keywords = {pulsars: individual (PSR J1357-6229), Stars: Neutron, X-Rays: Stars},
     year = 2007,
    month = aug,
   volume = 665,
    pages = {L143-L146},
      doi = {10.1086/521300},
   adsurl = {http://adsabs.harvard.edu/abs/2007ApJ...665L.143Z},
  adsnote = {Provided by the SAO/NASA Astrophysics Data System}
}
@ARTICLE{2007AA...467L..45E,
   author = {{Esposito}, P. and {Tiengo}, A. and {de Luca}, A. and {Mattana}, F.
	},
    title = "{Discovery of X-ray emission from the young radio pulsar PSR J1357-6429}",
  journal = {\aap},
archivePrefix = "arXiv",
   eprint = {0704.0205},
 keywords = {stars: individual: PSR J1357-6429, stars: neutron, X-rays: stars},
     year = 2007,
    month = may,
   volume = 467,
    pages = {L45-L48},
      doi = {10.1051/0004-6361:20077480},
   adsurl = {http://adsabs.harvard.edu/abs/2007A%26A...467L..45E},
  adsnote = {Provided by the SAO/NASA Astrophysics Data System}
}
@ARTICLE{2011AA...533A.102L,
   author = {{Lemoine-Goumard}, M. and {Zavlin}, V.~E. and {Grondin}, M.-H. and 
	{Shannon}, R. and {Smith}, D.~A. and {Burgay}, M. and {Camilo}, F. and 
	{Cohen-Tanugi}, J. and {Freire}, P.~C.~C. and {Grove}, J.~E. and 
	{Guillemot}, L. and {Johnston}, S. and {Keith}, M. and {Kramer}, M. and 
	{Manchester}, R.~N. and {Michelson}, P.~F. and {Parent}, D. and 
	{Possenti}, A. and {Ray}, P.~S. and {Renaud}, M. and {Thorsett}, S.~E. and 
	{Weltevrede}, P. and {Wolff}, M.~T.},
    title = "{Discovery of gamma- and X-ray pulsations from the young and energetic PSR J1357-6429 with Fermi and XMM-Newton}",
  journal = {\aap},
archivePrefix = "arXiv",
   eprint = {1108.0161},
 primaryClass = "astro-ph.HE",
 keywords = {pulsars: individual: PSR J1357, 6429, gamma rays: general, pulsars: general},
     year = 2011,
    month = sep,
   volume = 533,
      eid = {A102},
    pages = {A102},
      doi = {10.1051/0004-6361/201117413},
   adsurl = {http://adsabs.harvard.edu/abs/2011A%26A...533A.102L},
  adsnote = {Provided by the SAO/NASA Astrophysics Data System}
}
@ARTICLE{2000ApJ...541..367C,
   author = {{Camilo}, F. and {Kaspi}, V.~M. and {Lyne}, A.~G. and {Manchester}, R.~N. and 
	{Bell}, J.~F. and {D'Amico}, N. and {McKay}, N.~P.~F. and {Crawford}, F.
	},
    title = "{Discovery of Two High Magnetic Field Radio Pulsars}",
  journal = {\apj},
   eprint = {arXiv:astro-ph/0004330},
 keywords = {pulsars: individual (PSR J1119-6127, PSR J1814-1744)},
     year = 2000,
    month = sep,
   volume = 541,
    pages = {367-373},
      doi = {10.1086/309435},
   adsurl = {http://adsabs.harvard.edu/abs/2000ApJ...541..367C},
  adsnote = {Provided by the SAO/NASA Astrophysics Data System}
}
@ARTICLE{2008ApJ...684..532S,
   author = {{Safi-Harb}, S. and {Kumar}, H.~S.},
    title = "{Using Chandra to Unveil the High-Energy Properties of the High Magnetic Field Radio Pulsar J1119-6127}",
  journal = {\apj},
archivePrefix = "arXiv",
   eprint = {0805.3807},
 keywords = {ISM: Individual: Alphanumeric: G292.2-0.5, Stars: Pulsars: Individual: Alphanumeric: PSR J1119-6127, ISM: Supernova Remnants, X-Rays: ISM},
     year = 2008,
    month = sep,
   volume = 684,
    pages = {532-541},
      doi = {10.1086/590359},
   adsurl = {http://adsabs.harvard.edu/abs/2008ApJ...684..532S},
  adsnote = {Provided by the SAO/NASA Astrophysics Data System}
}

@ARTICLE{2003ApJ...591L.143G,
   author = {{Gonzalez}, M. and {Safi-Harb}, S.},
    title = "{Chandra Detection of the High Magnetic Field Radio Pulsar J1119-6127in the Supernova Remnant G292.2-0.5}",
  journal = {\apjl},
   eprint = {arXiv:astro-ph/0305497},
 keywords = {ISM: Individual: Alphanumeric: G292.2-0.5, Stars: Pulsars: Individual: Alphanumeric: PSR J1119-6127, pulsars: individual (AX J1119.1-6128.5), ISM: Supernova Remnants, X-Rays: ISM},
     year = 2003,
    month = jul,
   volume = 591,
    pages = {L143-L146},
      doi = {10.1086/377070},
   adsurl = {http://adsabs.harvard.edu/abs/2003ApJ...591L.143G},
  adsnote = {Provided by the SAO/NASA Astrophysics Data System}
}
@ARTICLE{2011arXiv1104.1680D,
   author = {{de Naurois}, M.},
    title = "{The Galactic Sky seen by H.E.S.S}",
  journal = {ArXiv e-prints},
archivePrefix = "arXiv",
   eprint = {1104.1680},
 primaryClass = "astro-ph.HE",
 keywords = {Astrophysics - High Energy Astrophysical Phenomena, Astrophysics - Galaxy Astrophysics},
     year = 2011,
    month = apr,
   adsurl = {http://adsabs.harvard.edu/abs/2011arXiv1104.1680D},
  adsnote = {Provided by the SAO/NASA Astrophysics Data System}
}
@ARTICLE{2005ApJ...629.1017M,
   author = {{Mukherjee}, R. and {Halpern}, J.~P.},
    title = "{Chandra Observation of the Unidentified TeV Gamma-Ray Source HESS J1303-631 in the Galactic Plane}",
  journal = {\apj},
   eprint = {arXiv:astro-ph/0505081},
 keywords = {Gamma Rays: Observations, X-Rays: Stars},
     year = 2005,
    month = aug,
   volume = 629,
    pages = {1017-1020},
      doi = {10.1086/431581},
   adsurl = {http://adsabs.harvard.edu/abs/2005ApJ...629.1017M},
  adsnote = {Provided by the SAO/NASA Astrophysics Data System}
}
@ARTICLE{2009ApJ...697.1194S,
   author = {{Sguera}, V. and {Romero}, G.~E. and {Bazzano}, A. and {Masetti}, N. and 
	{Bird}, A.~J. and {Bassani}, L.},
    title = "{Dissecting the Region of 3EG J1837-0423 and HESS J1841-055 with INTEGRAL}",
  journal = {\apj},
archivePrefix = "arXiv",
   eprint = {0903.1763},
 primaryClass = "astro-ph.HE",
 keywords = {gamma rays: observations, gamma rays: theory, X-rays: binaries},
     year = 2009,
    month = jun,
   volume = 697,
    pages = {1194-1205},
      doi = {10.1088/0004-637X/697/2/1194},
   adsurl = {http://cdsads.u-strasbg.fr/abs/2009ApJ...697.1194S},
  adsnote = {Provided by the SAO/NASA Astrophysics Data System}
}
@INPROCEEDINGS{2011ICRC....6..197T,
   author = {{Tibolla}, O.},
    title = "{New developments in the ancient Pulsar Wind Nebulae scenario.}",
booktitle = {International Cosmic Ray Conference},
     year = 2011,
   series = {International Cosmic Ray Conference},
   volume = 6,
archivePrefix = "arXiv",
   eprint = {1109.3144},
 primaryClass = "astro-ph.HE",
    pages = {197},
   adsurl = {http://adsabs.harvard.edu/abs/2011ICRC....6..197T},
  adsnote = {Provided by the SAO/NASA Astrophysics Data System}
}
@ARTICLE{2008MNRAS.389.1881K,
   author = {{Keith}, M.~J. and {Johnston}, S. and {Kramer}, M. and {Weltevrede}, P. and 
	{Watters}, K.~P. and {Stappers}, B.~W.},
    title = "{A high-frequency search for radio pulsars in three EGRET error boxes}",
  journal = {\mnras},
archivePrefix = "arXiv",
   eprint = {0807.2088},
 keywords = {pulsars: general , pulsars: individual: J1028-5819},
     year = 2008,
    month = oct,
   volume = 389,
    pages = {1881-1884},
      doi = {10.1111/j.1365-2966.2008.13711.x},
   adsurl = {http://adsabs.harvard.edu/abs/2008MNRAS.389.1881K},
  adsnote = {Provided by the SAO/NASA Astrophysics Data System}
}
@ARTICLE{2009ApJ...695L..72A,
   author = {{Abdo}, A.~A. and {Ackermann}, M. and {Atwood}, W.~B. and {Baldini}, L. and 
	{Ballet}, J. and {Barbiellini}, G. and {Baring}, M.~G. and {Bastieri}, D. and 
	{Baughman}, B.~M. and {Bechtol}, K. and {Bellazzini}, R. and 
	{Berenji}, B. and {Bloom}, E.~D. and {Bonamente}, E. and {Borgland}, A.~W. and 
	{Bregeon}, J. and {Brez}, A. and {Brigida}, M. and {Bruel}, P. and 
	{Burnett}, T.~H. and {Caliandro}, G.~A. and {Cameron}, R.~A. and 
	{Caraveo}, P.~A. and {Casandjian}, J.~M. and {Cecchi}, C. and 
	{Charles}, E. and {Chekhtman}, A. and {Cheung}, C.~C. and {Chiang}, J. and 
	{Ciprini}, S. and {Claus}, R. and {Cohen-Tanugi}, J. and {Cominsky}, L.~R. and 
	{Conrad}, J. and {Dermer}, C.~D. and {de Angelis}, A. and {de Palma}, F. and 
	{Digel}, S.~W. and {Donato}, D. and {Dormody}, M. and {do Couto e Silva}, E. and 
	{Drell}, P.~S. and {Dubois}, R. and {Dumora}, D. and {Edmonds}, Y. and 
	{Farnier}, C. and {Favuzzi}, C. and {Fleury}, P. and {Focke}, W.~B. and 
	{Frailis}, M. and {Fukazawa}, Y. and {Funk}, S. and {Fusco}, P. and 
	{Gargano}, F. and {Gasparrini}, D. and {Gehrels}, N. and {Germani}, S. and 
	{Giebels}, B. and {Giglietto}, N. and {Giordano}, F. and {Glanzman}, T. and 
	{Godfrey}, G. and {Grenier}, I.~A. and {Grondin}, M.-H. and 
	{Grove}, J.~E. and {Guillemot}, L. and {Guiriec}, S. and {Harding}, A.~K. and 
	{Hayashida}, M. and {Hays}, E. and {Hughes}, R.~E. and {J{\'o}hannesson}, G. and 
	{Johnson}, A.~S. and {Johnson}, R.~P. and {Johnson}, T.~J. and 
	{Johnson}, W.~N. and {Johnston}, S. and {Kamae}, T. and {Katagiri}, H. and 
	{Kataoka}, J. and {Kawai}, N. and {Kerr}, M. and {Kn{\"o}dlseder}, J. and 
	{Komin}, N. and {Kramer}, M. and {Kuehn}, F. and {Kuss}, M. and 
	{Latronico}, L. and {Lee}, S.-H. and {Lemoine-Goumard}, M. and 
	{Longo}, F. and {Loparco}, F. and {Lott}, B. and {Lovellette}, M.~N. and 
	{Lubrano}, P. and {Makeev}, A. and {Marelli}, M. and {Mazziotta}, M.~N. and 
	{McConville}, W. and {McEnery}, J.~E. and {Meurer}, C. and {Michelson}, P.~F. and 
	{Mitthumsiri}, W. and {Mizuno}, T. and {Moiseev}, A.~A. and 
	{Monte}, C. and {Monzani}, M.~E. and {Morselli}, A. and {Moskalenko}, I.~V. and 
	{Murgia}, S. and {Nolan}, P.~L. and {Nuss}, E. and {Ohsugi}, T. and 
	{Omodei}, N. and {Orlando}, E. and {Ormes}, J.~F. and {Paneque}, D. and 
	{Panetta}, J.~H. and {Parent}, D. and {Pepe}, M. and {Pesce-Rollins}, M. and 
	{Piron}, F. and {Porter}, T.~A. and {Rain{\`o}}, S. and {Rando}, R. and 
	{Razzano}, M. and {Reimer}, A. and {Reimer}, O. and {Reposeur}, T. and 
	{Ritz}, S. and {Rochester}, L.~S. and {Rodriguez}, A.~Y. and 
	{Romani}, R.~W. and {Roth}, M. and {Ryde}, F. and {Sadrozinski}, H.~F.-W. and 
	{Sanchez}, D. and {Sander}, A. and {Parkinson}, P.~M.~S. and 
	{Sgr{\`o}}, C. and {Siskind}, E.~J. and {Smith}, D.~A. and {Smith}, P.~D. and 
	{Spandre}, G. and {Spinelli}, P. and {Starck}, J.-L. and {Strickman}, M.~S. and 
	{Suson}, D.~J. and {Tajima}, H. and {Takahashi}, H. and {Tanaka}, T. and 
	{Thayer}, J.~B. and {Thayer}, J.~G. and {Thompson}, D.~J. and 
	{Thorsett}, S.~E. and {Tibaldo}, L. and {Torres}, D.~F. and 
	{Tosti}, G. and {Tramacere}, A. and {Uchiyama}, Y. and {Usher}, T.~L. and 
	{Van Etten}, A. and {Vilchez}, N. and {Vitale}, V. and {Waite}, A.~P. and 
	{Watters}, K. and {Wood}, K.~S. and {Ylinen}, T. and {Ziegler}, M. and 
	{Hobbs}, G. and {Keith}, M. and {Manchester}, R.~N. and {Weltevrede}, P.
	},
    title = "{Discovery of Pulsed {$\gamma$}-Rays from the Young Radio Pulsar PSR J1028-5819 with the Fermi Large Area Telescope}",
  journal = {\apjl},
archivePrefix = "arXiv",
   eprint = {0903.1602},
 primaryClass = "astro-ph.HE",
 keywords = {pulsars: general, stars: neutron},
     year = 2009,
    month = apr,
   volume = 695,
    pages = {L72-L77},
      doi = {10.1088/0004-637X/695/1/L72},
   adsurl = {http://adsabs.harvard.edu/abs/2009ApJ...695L..72A},
  adsnote = {Provided by the SAO/NASA Astrophysics Data System}
}
@ARTICLE{2010ApJS..187..460A,
   author = {{Abdo}, A.~A. and {Ackermann}, M. and {Ajello}, M. and {Atwood}, W.~B. and 
	{Axelsson}, M. and {Baldini}, L. and {Ballet}, J. and {Barbiellini}, G. and 
	{Baring}, M.~G. and {Bastieri}, D. and et al.},
    title = "{The First Fermi Large Area Telescope Catalog of Gamma-ray Pulsars}",
  journal = {\apjs},
archivePrefix = "arXiv",
   eprint = {0910.1608},
 primaryClass = "astro-ph.HE",
 keywords = {catalogs, gamma rays: general, pulsars: general, stars: neutron},
     year = 2010,
    month = apr,
   volume = 187,
    pages = {460-494},
      doi = {10.1088/0067-0049/187/2/460},
   adsurl = {http://adsabs.harvard.edu/abs/2010ApJS..187..460A},
  adsnote = {Provided by the SAO/NASA Astrophysics Data System}
}
@INPROCEEDINGS{2011ICRC....7...44E,
   author = {{EGER}, P.},
    title = "{A multi-wavelength study of the unidentified TeV gamma-ray source HESS J1626-490}",
booktitle = {International Cosmic Ray Conference},
     year = 2011,
   series = {International Cosmic Ray Conference},
   volume = 7,
archivePrefix = "arXiv",
   eprint = {1110.1252},
 primaryClass = "astro-ph.HE",
    pages = {44},
   adsurl = {http://adsabs.harvard.edu/abs/2011ICRC....7...44E},
  adsnote = {Provided by the SAO/NASA Astrophysics Data System}
}
@ARTICLE{2005Sci...307.1938A,
   author = {{Aharonian}, F. and {Akhperjanian}, A.~G. and {Aye}, K.-M. and 
	{Bazer-Bachi}, A.~R. and {Beilicke}, M. and {Benbow}, W. and 
	{Berge}, D. and {Berghaus}, P. and {Bernl{\"o}hr}, K. and {Boisson}, C. and 
	{Bolz}, O. and {Borgmeier}, C. and {Braun}, I. and {Breitling}, F. and 
	{Brown}, A.~M. and {Gordo}, J.~B. and {Chadwick}, P.~M. and 
	{Chounet}, L.-M. and {Cornils}, R. and {Costamante}, L. and 
	{Degrange}, B. and {Djannati-Ata{\"i}}, A. and {Drury}, L.~O. and 
	{Dubus}, G. and {Ergin}, T. and {Espigat}, P. and {Feinstein}, F. and 
	{Fleury}, P. and {Fontaine}, G. and {Funk}, S. and {Gallant}, Y.~A. and 
	{Giebels}, B. and {Gillessen}, S. and {Goret}, P. and {Hadjichristidis}, C. and 
	{Hauser}, M. and {Heinzelmann}, G. and {Henri}, G. and {Hermann}, G. and 
	{Hinton}, J.~A. and {Hofmann}, W. and {Holleran}, M. and {Horns}, D. and 
	{de Jager}, O.~C. and {Jung}, I. and {Kh{\'e}lifi}, B. and {Komin}, N. and 
	{Konopelko}, A. and {Latham}, I.~J. and {Le Gallou}, R. and 
	{Lemi{\`e}re}, A. and {Lemoine}, M. and {Leroy}, N. and {Lohse}, T. and 
	{Marcowith}, A. and {Masterson}, C. and {McComb}, T.~J.~L. and 
	{de Naurois}, M. and {Nolan}, S.~J. and {Noutsos}, A. and {Orford}, K.~J. and 
	{Osborne}, J.~L. and {Ouchrif}, M. and {Panter}, M. and {Pelletier}, G. and 
	{Pita}, S. and {P{\"u}hlhofer}, G. and {Punch}, M. and {Raubenheimer}, B.~C. and 
	{Raue}, M. and {Raux}, J. and {Rayner}, S.~M. and {Redondo}, I. and 
	{Reimer}, A. and {Reimer}, O. and {Ripken}, J. and {Rob}, L. and 
	{Rolland}, L. and {Rowell}, G. and {Sahakian}, V. and {Saug{\'e}}, L. and 
	{Schlenker}, S. and {Schlickeiser}, R. and {Schuster}, C. and 
	{Schwanke}, U. and {Siewert}, M. and {Sol}, H. and {Steenkamp}, R. and 
	{Stegmann}, C. and {Tavernet}, J.-P. and {Terrier}, R. and {Th{\'e}oret}, C.~G. and 
	{Tluczykont}, M. and {van der Walt}, D.~J. and {Vasileiadis}, G. and 
	{Venter}, C. and {Vincent}, P. and {Visser}, B. and {V{\"o}lk}, H.~J. and 
	{Wagner}, S.~J.},
    title = "{A New Population of Very High Energy Gamma-Ray Sources in the Milky Way}",
  journal = {Science},
   eprint = {arXiv:astro-ph/0504380},
     year = 2005,
    month = mar,
   volume = 307,
    pages = {1938-1942},
      doi = {10.1126/science.1108643},
   adsurl = {http://adsabs.harvard.edu/abs/2005Sci...307.1938A},
  adsnote = {Provided by the SAO/NASA Astrophysics Data System}
}
@ARTICLE{2005ApJ...629L.105B,
   author = {{Brogan}, C.~L. and {Gaensler}, B.~M. and {Gelfand}, J.~D. and 
	{Lazendic}, J.~S. and {Lazio}, T.~J.~W. and {Kassim}, N.~E. and 
	{McClure-Griffiths}, N.~M.},
    title = "{Discovery of a Radio Supernova Remnant and Nonthermal X-Rays Coincident with the TeV Source HESS J1813-178}",
  journal = {\apjl},
   eprint = {arXiv:astro-ph/0505145},
 keywords = {Acceleration of Particles, ISM: individual (G12.8-0.0), ISM: individual (HESS J1813-178), Radio Lines: ISM, ISM: Supernova Remnants, X-Rays: ISM},
     year = 2005,
    month = aug,
   volume = 629,
    pages = {L105-L108},
      doi = {10.1086/491471},
   adsurl = {http://adsabs.harvard.edu/abs/2005ApJ...629L.105B},
  adsnote = {Provided by the SAO/NASA Astrophysics Data System}
}
@ARTICLE{2007AA...470..249F,
   author = {{Funk}, S. and {Hinton}, J.~A. and {Moriguchi}, Y. and {Aharonian}, F.~A. and 
	{Fukui}, Y. and {Hofmann}, W. and {Horns}, D. and {P{\"u}hlhofer}, G. and 
	{Reimer}, O. and {Rowell}, G. and {Terrier}, R. and {Vink}, J. and 
	{Wagner}, S.~J.},
    title = "{XMM-Newton observations of HESS J1813-178 reveal a composite Supernova remnant}",
  journal = {\aap},
   eprint = {arXiv:astro-ph/0611646},
 keywords = {ISM: supernova remnants, ISM: individual, objects: HESS J1813-178, ISM: individual, objects: G12.82-0.02, ISM: individual, objects: AX J1813-178, gamma rays: observations},
     year = 2007,
    month = jul,
   volume = 470,
    pages = {249-257},
      doi = {10.1051/0004-6361:20066779},
   adsurl = {http://adsabs.harvard.edu/abs/2007A%26A...470..249F},
  adsnote = {Provided by the SAO/NASA Astrophysics Data System}
}
@ARTICLE{2009ApJ...700L.158G,
   author = {{Gotthelf}, E.~V. and {Halpern}, J.~P.},
    title = "{Discovery of a Highly Energetic X-Ray Pulsar Powering HESS J1813-178 in the Young Supernova Remnant G12.82-0.02}",
  journal = {\apjl},
archivePrefix = "arXiv",
   eprint = {0907.0137},
 primaryClass = "astro-ph.HE",
 keywords = {ISM: individual: HESS J1813-178 G12.82-0.02, pulsars: individual: PSR J1813-1749, supernova remnants},
     year = 2009,
    month = aug,
   volume = 700,
    pages = {L158-L161},
      doi = {10.1088/0004-637X/700/2/L158},
   adsurl = {http://adsabs.harvard.edu/abs/2009ApJ...700L.158G},
  adsnote = {Provided by the SAO/NASA Astrophysics Data System}
}
@ARTICLE{2012ApJ...753L..14H,
   author = {{Halpern}, J.~P. and {Gotthelf}, E.~V. and {Camilo}, F.},
    title = "{Spin-down Measurement of PSR J1813-1749: The Energetic Pulsar Powering HESS J1813-178}",
  journal = {\apjl},
archivePrefix = "arXiv",
   eprint = {1206.2338},
 primaryClass = "astro-ph.HE",
 keywords = {ISM: individual objects: HESS J1813{\ndash}178 G12.82{\ndash}0.02, ISM: supernova remnants, pulsars: individual: PSR J1813{\ndash}1749},
     year = 2012,
    month = jul,
   volume = 753,
      eid = {L14},
    pages = {L14},
      doi = {10.1088/2041-8205/753/1/L14},
   adsurl = {http://adsabs.harvard.edu/abs/2012ApJ...753L..14H},
  adsnote = {Provided by the SAO/NASA Astrophysics Data System}
}
@ARTICLE{2010ApJ...718..467F,
   author = {{Fang}, J. and {Zhang}, L.},
    title = "{Multiband Nonthermal Radiative Properties of HESS J1813-178}",
  journal = {\apj},
archivePrefix = "arXiv",
   eprint = {1005.3386},
 primaryClass = "astro-ph.HE",
 keywords = {gamma rays: ISM, ISM: individual objects: HESS J1813-178 G12.8-0.0, ISM: supernova remnants},
     year = 2010,
    month = jul,
   volume = 718,
    pages = {467-473},
      doi = {10.1088/0004-637X/718/1/467},
   adsurl = {http://adsabs.harvard.edu/abs/2010ApJ...718..467F},
  adsnote = {Provided by the SAO/NASA Astrophysics Data System}
}

@ARTICLE{2001ApJ...561L.187R,
   author = {{Roberts}, M.~S.~E. and {Romani}, R.~W. and {Johnston}, S.},
    title = "{Multiwavelength Studies of PSR J1420-6048, a Young Pulsar in the Kookaburra}",
  journal = {\apjl},
   eprint = {arXiv:astro-ph/0109479},
 keywords = {Stars: Pulsars: Individual: Alphanumeric: PSR 1420-6048},
     year = 2001,
    month = nov,
   volume = 561,
    pages = {L187-L190},
      doi = {10.1086/324752},
   adsurl = {http://adsabs.harvard.edu/abs/2001ApJ...561L.187R},
  adsnote = {Provided by the SAO/NASA Astrophysics Data System}
}

@ARTICLE{2005ApJ...627..904N,
   author = {{Ng}, C.-Y. and {Roberts}, M.~S.~E. and {Romani}, R.~W.},
    title = "{Two Pulsar Wind Nebulae: Chandra/XMM-Newton Imaging of GeV J1417-6100}",
  journal = {\apj},
   eprint = {arXiv:astro-ph/0503684},
 keywords = {Gamma Rays: Observations, Stars: Pulsars: Individual: Alphanumeric: G313.3+0.1, Stars: Pulsars: Individual: Alphanumeric: K3/PSR 1420-6048, Stars: Pulsars: Individual: Alphanumeric: PSR J1417-6100},
     year = 2005,
    month = jul,
   volume = 627,
    pages = {904-909},
      doi = {10.1086/430632},
   adsurl = {http://adsabs.harvard.edu/abs/2005ApJ...627..904N},
  adsnote = {Provided by the SAO/NASA Astrophysics Data System}
}
@ARTICLE{2012ApJ...755L..20P,
   author = {{Pletsch}, H.~J. and {Guillemot}, L. and {Allen}, B. and {Kramer}, M. and 
	{Aulbert}, C. and {Fehrmann}, H. and {Baring}, M.~G. and {Camilo}, F. and 
	{Caraveo}, P.~A. and {Grove}, J.~E. and {Kerr}, M. and {Marelli}, M. and 
	{Ransom}, S.~M. and {Ray}, P.~S. and {Saz Parkinson}, P.~M.},
    title = "{PSR J1838-0537: Discovery of a Young, Energetic Gamma-Ray Pulsar}",
  journal = {\apjl},
archivePrefix = "arXiv",
   eprint = {1207.5333},
 primaryClass = "astro-ph.HE",
 keywords = {gamma rays: stars, ISM: individual objects: HESS J1841{\ndash}055, pulsars: individual: PSR J1838{\ndash}0537},
     year = 2012,
    month = aug,
   volume = 755,
      eid = {L20},
    pages = {L20},
      doi = {10.1088/2041-8205/755/1/L20},
   adsurl = {http://adsabs.harvard.edu/abs/2012ApJ...755L..20P},
  adsnote = {Provided by the SAO/NASA Astrophysics Data System}
}
@ARTICLE{2008ApJ...682L..41H,
   author = {{Hessels}, J.~W.~T. and {Nice}, D.~J. and {Gaensler}, B.~M. and 
	{Kaspi}, V.~M. and {Lorimer}, D.~R. and {Champion}, D.~J. and 
	{Lyne}, A.~G. and {Kramer}, M. and {Cordes}, J.~M. and {Freire}, P.~C.~C. and 
	{Camilo}, F. and {Ransom}, S.~M. and {Deneva}, J.~S. and {Bhat}, N.~D.~R. and 
	{Cognard}, I. and {Crawford}, F. and {Jenet}, F.~A. and {Kasian}, L. and 
	{Lazarus}, P. and {van Leeuwen}, J. and {McLaughlin}, M.~A. and 
	{Stairs}, I.~H. and {Stappers}, B.~W. and {Venkataraman}, A.
	},
    title = "{PSR J1856+0245: Arecibo Discovery of a Young, Energetic Pulsar Coincident with the TeV {$\gamma$}-Ray Source HESS J1857+026}",
  journal = {\apjl},
archivePrefix = "arXiv",
   eprint = {0806.1200},
 keywords = {Gamma Rays: Observations, Stars: Pulsars: General, pulsars: individual (PSR J1856+0245), Stars: Neutron, X-rays: individual (AX J185651+0245)},
     year = 2008,
    month = jul,
   volume = 682,
    pages = {L41-L44},
      doi = {10.1086/590908},
   adsurl = {http://adsabs.harvard.edu/abs/2008ApJ...682L..41H},
  adsnote = {Provided by the SAO/NASA Astrophysics Data System}
}