
@ARTICLE{LAT_Collaboration_2FGL_2012,
   author = {{Nolan}, P.~L. and {Abdo}, A.~A. and {Ackermann}, M. and {Ajello}, M. and 
  {Allafort}, A. and {Antolini}, E. and {Atwood}, W.~B. and {Axelsson}, M. and 
  {Baldini}, L. and {Ballet}, J. and et al.},
    title = "{Fermi Large Area Telescope Second Source Catalog}",
  journal = {\apjs},
archivePrefix = "arXiv",
   eprint = {1108.1435},
 primaryClass = "astro-ph.HE",
 keywords = {catalogs, gamma rays: general },
     year = 2012,
    month = apr,
   volume = 199,
      eid = {31},
    pages = {31},
      doi = {10.1088/0067-0049/199/2/31},
   adsurl = {http://adsabs.harvard.edu/abs/2012ApJS..199...31N},
  adsnote = {Provided by the SAO/NASA Astrophysics Data System}
}

