

@ARTICLE{Helene1983,
   author = {{Helene}, O.},
    title = "{Upper limit of peak area}",
  journal = {Nuclear Instruments and Methods in Physics Research},
     year = 1983,
    month = jul,
   volume = 212,
    pages = {319-322},
      doi = {10.1016/0167-5087(83)90709-3},
   adsurl = {http://adsabs.harvard.edu/abs/1983NIMPR.212..319H},
  adsnote = {Provided by the SAO/NASA Astrophysics Data System}
}


@ARTICLE{healpix,
   author = {{G{\'o}rski}, K.~M. and {Hivon}, E. and {Banday}, A.~J. and 
    {Wandelt}, B.~D. and {Hansen}, F.~K. and {Reinecke}, M. and 
    {Bartelmann}, M.},
    title = "{HEALPix: A Framework for High-Resolution Discretization and Fast Analysis of Data Distributed on the Sphere}",
  journal = {\apj},
   eprint = {arXiv:astro-ph/0409513},
 keywords = {Cosmology: Cosmic Microwave Background, Cosmology: Observations, Methods: Statistical},
     year = 2005,
    month = apr,
   volume = 622,
    pages = {759-771},
      doi = {10.1086/427976},
   adsurl = {http://adsabs.harvard.edu/abs/2005ApJ...622..759G},
  adsnote = {Provided by the SAO/NASA Astrophysics Data System}
}

@ARTICLE{first_cat,
   author = {{Abdo}, A.~A. and others},
    title = "{Fermi Large Area Telescope First Source Catalog}",
  journal = {\apjs},
     year = 2010,
    month = jun,
   volume = 188,
    pages = {405-436},
}


@ARTICLE{extended_source_search,
   author = {{Lande}, J. and others},
    title = "{Search for Spatially Extended Fermi-LAT Sources Using Two Years of Data}",
    journal = {\apj, in preparation},
     year = 2012,
}
