@ARTICLE{2005ApJ...622..759G,
   author = {{G{\'o}rski}, K.~M. and {Hivon}, E. and {Banday}, A.~J. and 
	{Wandelt}, B.~D. and {Hansen}, F.~K. and {Reinecke}, M. and 
	{Bartelmann}, M.},
    title = "{HEALPix: A Framework for High-Resolution Discretization and Fast Analysis of Data Distributed on the Sphere}",
  journal = {\apj},
   eprint = {arXiv:astro-ph/0409513},
 keywords = {Cosmology: Cosmic Microwave Background, Cosmology: Observations, Methods: Statistical},
     year = 2005,
    month = apr,
   volume = 622,
    pages = {759-771},
      doi = {10.1086/427976},
   adsurl = {http://adsabs.harvard.edu/abs/2005ApJ...622..759G},
  adsnote = {Provided by the SAO/NASA Astrophysics Data System}
}
@ARTICLE{2009ApJ...700L.127A,
   author = {{Abdo}, A.~A. and {Allen}, B.~T. and {Aune}, T. and {Berley}, D. and 
	{Chen}, C. and {Christopher}, G.~E. and {DeYoung}, T. and {Dingus}, B.~L. and 
	{Ellsworth}, R.~W. and {Gonzalez}, M.~M. and {Goodman}, J.~A. and 
	{Hays}, E. and {Hoffman}, C.~M. and {H{\"u}ntemeyer}, P.~H. and 
	{Kolterman}, B.~E. and {Linnemann}, J.~T. and {McEnery}, J.~E. and 
	{Morgan}, T. and {Mincer}, A.~I. and {Nemethy}, P. and {Pretz}, J. and 
	{Ryan}, J.~M. and {Saz Parkinson}, P.~M. and {Shoup}, A. and 
	{Sinnis}, G. and {Smith}, A.~J. and {Vasileiou}, V. and {Walker}, G.~P. and 
	{Williams}, D.~A. and {Yodh}, G.~B.},
    title = "{Milagro Observations of Multi-TeV Emission from Galactic Sources in the Fermi Bright Source List}",
  journal = {\apjl},
archivePrefix = "arXiv",
   eprint = {0904.1018},
 primaryClass = "astro-ph.HE",
 keywords = {gamma rays: observations, pulsars: general, supernova remnants},
     year = 2009,
    month = aug,
   volume = 700,
    pages = {L127-L131},
      doi = {10.1088/0004-637X/700/2/L127},
   adsurl = {http://adsabs.harvard.edu/abs/2009ApJ...700L.127A},
  adsnote = {Provided by the SAO/NASA Astrophysics Data System}
}
@ARTICLE{2011arXiv1111.2591M,
   author = {{McArthur}, S. and {for the VERITAS Collaboration}},
    title = "{VHE Observation of CTA 1 with VERITAS}",
  journal = {ArXiv e-prints},
archivePrefix = "arXiv",
   eprint = {1111.2591},
 primaryClass = "astro-ph.HE",
 keywords = {Astrophysics - High Energy Astrophysical Phenomena},
     year = 2011,
    month = nov,
   adsurl = {http://adsabs.harvard.edu/abs/2011arXiv1111.2591M},
  adsnote = {Provided by the SAO/NASA Astrophysics Data System}
}
@ARTICLE{2010ApJ...719L..69A,
   author = {{Acciari}, V.~A. and {Aliu}, E. and {Arlen}, T. and {Aune}, T. and 
	{Bautista}, M. and {Beilicke}, M. and {Benbow}, W. and {Boltuch}, D. and 
	{Bradbury}, S.~M. and {Buckley}, J.~H. and {Bugaev}, V. and 
	{Butt}, Y. and {Byrum}, K. and {Cesarini}, A. and {Ciupik}, L. and 
	{Cui}, W. and {Dickherber}, R. and {Duke}, C. and {Finley}, J.~P. and 
	{Finnegan}, G. and {Fortson}, L. and {Furniss}, A. and {Galante}, N. and 
	{Gall}, D. and {Gillanders}, G.~H. and {Godambe}, S. and {Gotthelf}, E.~V. and 
	{Grube}, J. and {Guenette}, R. and {Gyuk}, G. and {Hanna}, D. and 
	{Holder}, J. and {Hui}, C.~M. and {Humensky}, T.~B. and {Imran}, A. and 
	{Kaaret}, P. and {Karlsson}, N. and {Kertzman}, M. and {Kieda}, D. and 
	{Konopelko}, A. and {Krawczynski}, H. and {Krennrich}, F. and 
	{Lang}, M.~J. and {LeBohec}, S. and {Maier}, G. and {McArthur}, S. and 
	{McCann}, A. and {McCutcheon}, M. and {Moriarty}, P. and {Muhkerjee}, R. and 
	{Ong}, R.~A. and {Otte}, A.~N. and {Pandel}, D. and {Perkins}, J.~S. and 
	{Pohl}, M. and {Quinn}, J. and {Ragan}, K. and {Reyes}, L.~C. and 
	{Reynolds}, P.~T. and {Roache}, E. and {Rose}, H.~J. and {Schroedter}, M. and 
	{Sembroski}, G.~H. and {Senturk}, G.~D. and {Slane}, P. and 
	{Smith}, A.~W. and {Steele}, D. and {Swordy}, S.~P. and {T{\v e}si{\'c}}, G. and 
	{Theiling}, M. and {Thibadeau}, S. and {Vassiliev}, V.~V. and 
	{Vincent}, S. and {Wakely}, S.~P. and {Ward}, J.~E. and {Weekes}, T.~C. and 
	{Weinstein}, A. and {Weisgarber}, T. and {Williams}, D.~A. and 
	{Wissel}, S. and {Wood}, M. and {Zitzer}, B.},
    title = "{Discovery of Very High Energy {$\gamma$}-ray Emission from the SNR G54.1+0.3}",
  journal = {\apjl},
archivePrefix = "arXiv",
   eprint = {1005.0032},
 primaryClass = "astro-ph.HE",
 keywords = {gamma rays: general, ISM: supernova remnants, pulsars: individual: J1930+1852 J1928+1746},
     year = 2010,
    month = aug,
   volume = 719,
    pages = {L69-L73},
      doi = {10.1088/2041-8205/719/1/L69},
   adsurl = {http://adsabs.harvard.edu/abs/2010ApJ...719L..69A},
  adsnote = {Provided by the SAO/NASA Astrophysics Data System}
}
@ARTICLE{2009ApJ...700L.127A,
   author = {{Abdo}, A.~A. and {Allen}, B.~T. and {Aune}, T. and {Berley}, D. and 
	{Chen}, C. and {Christopher}, G.~E. and {DeYoung}, T. and {Dingus}, B.~L. and 
	{Ellsworth}, R.~W. and {Gonzalez}, M.~M. and {Goodman}, J.~A. and 
	{Hays}, E. and {Hoffman}, C.~M. and {H{\"u}ntemeyer}, P.~H. and 
	{Kolterman}, B.~E. and {Linnemann}, J.~T. and {McEnery}, J.~E. and 
	{Morgan}, T. and {Mincer}, A.~I. and {Nemethy}, P. and {Pretz}, J. and 
	{Ryan}, J.~M. and {Saz Parkinson}, P.~M. and {Shoup}, A. and 
	{Sinnis}, G. and {Smith}, A.~J. and {Vasileiou}, V. and {Walker}, G.~P. and 
	{Williams}, D.~A. and {Yodh}, G.~B.},
    title = "{Milagro Observations of Multi-TeV Emission from Galactic Sources in the Fermi Bright Source List}",
  journal = {\apjl},
archivePrefix = "arXiv",
   eprint = {0904.1018},
 primaryClass = "astro-ph.HE",
 keywords = {gamma rays: observations, pulsars: general, supernova remnants},
     year = 2009,
    month = aug,
   volume = 700,
    pages = {L127-L131},
      doi = {10.1088/0004-637X/700/2/L127},
   adsurl = {http://adsabs.harvard.edu/abs/2009ApJ...700L.127A},
  adsnote = {Provided by the SAO/NASA Astrophysics Data System}
}
@ARTICLE{2012arXiv1203.3215H,
   author = {{HESS Collaboration} and {Abramowski}, A. and {Acero}, F. and 
	{Aharonian}, F. and {Akhperjanian}, A.~G. and {Anton}, G. and 
	{Balzer}, A. and {Barnacka}, A. and {Barres de Almeida}, U. and 
	{Becherini}, Y. and {Becker}, J. and {Behera}, B. and {Bernl{\"o}hr}, K. and 
	{Birsin}, E. and {Biteau}, J. and {Bochow}, A. and {Boisson}, C. and 
	{Bolmont}, J. and {Bordas}, P. and {Brucker}, J. and {Brun}, F. and 
	{Brun}, P. and {Bulik}, T. and {B{\"u}sching}, I. and {Carrigan}, S. and 
	{Casanova}, S. and {Cerruti}, M. and {Chadwick}, P.~M. and {Charbonnier}, A. and 
	{Chaves}, R.~C.~G. and {Cheesebrough}, A. and {Clapson}, A.~C. and 
	{Coignet}, G. and {Cologna}, G. and {Conrad}, J. and {Dalton}, M. and 
	{Daniel}, M.~K. and {Davids}, I.~D. and {Degrange}, B. and {Deil}, C. and 
	{Dickinson}, H.~J. and {Djannati-Ata{\"i}}, A. and {Domainko}, W. and 
	{O'C.~Drury}, L. and {Dubus}, G. and {Dutson}, K. and {Dyks}, J. and 
	{Dyrda}, M. and {Egberts}, K. and {Eger}, P. and {Espigat}, P. and 
	{Fallon}, L. and {Farnier}, C. and {Fegan}, S. and {Feinstein}, F. and 
	{Fernandes}, M.~V. and {Fiasson}, A. and {Fontaine}, G. and 
	{F{\"o}rster}, A. and {F{\"u}{\ss}ling}, M. and {Gallant}, Y.~A. and 
	{Gast}, H. and {G{\'e}rard}, L. and {Gerbig}, D. and {Giebels}, B. and 
	{Glicenstein}, J.~F. and {Gl{\"u}ck}, B. and {Goret}, P. and 
	{G{\"o}ring}, D. and {H{\"a}ffner}, S. and {Hague}, J.~D. and 
	{Hampf}, D. and {Hauser}, M. and {Heinz}, S. and {Heinzelmann}, G. and 
	{Henri}, G. and {Hermann}, G. and {Hinton}, J.~A. and {Hoffmann}, A. and 
	{Hofmann}, W. and {Hofverberg}, P. and {Holler}, M. and {Horns}, D. and 
	{Jacholkowska}, A. and {de Jager}, O.~C. and {Jahn}, C. and 
	{Jamrozy}, M. and {Jung}, I. and {Kastendieck}, M.~A. and {Katarzy{\'n}ski}, K. and 
	{Katz}, U. and {Kaufmann}, S. and {Keogh}, D. and {Khangulyan}, D. and 
	{Kh{\'e}lifi}, B. and {Klochkov}, D. and {Klu{\'z}niak}, W. and 
	{Kneiske}, T. and {Komin}, N. and {Kosack}, K. and {Kossakowski}, R. and 
	{Laffon}, H. and {Lamanna}, G. and {Lennarz}, D. and {Lohse}, T. and 
	{Lopatin}, A. and {Lu}, C.-C. and {Marandon}, V. and {Marcowith}, A. and 
	{Masbou}, J. and {Maurin}, D. and {Maxted}, N. and {Mayer}, M. and 
	{McComb}, T.~J.~L. and {Medina}, M.~C. and {M{\'e}hault}, J. and 
	{Moderski}, R. and {Moulin}, E. and {Naumann}, C.~L. and {Naumann-Godo}, M. and 
	{de Naurois}, M. and {Nedbal}, D. and {Nekrassov}, D. and {Nguyen}, N. and 
	{Nicholas}, B. and {Niemiec}, J. and {Nolan}, S.~J. and {Ohm}, S. and 
	{de O{\~n}a Wilhelmi}, E. and {Opitz}, B. and {Ostrowski}, M. and 
	{Oya}, I. and {Panter}, M. and {Paz Arribas}, M. and {Pedaletti1}, G. and 
	{Pelletier}, G. and {Petrucci}, P.-O. and {Pita}, S. and {P{\"u}hlhofer}, G. and 
	{Punch}, M. and {Quirrenbach}, A. and {Raue}, M. and {Rayner}, S.~M. and 
	{Reimer}, A. and {Reimer}, O. and {Renaud}, M. and {de los Reyes}, R. and 
	{Rieger}, F. and {Ripken}, J. and {Rob}, L. and {Rosier-Lees}, S. and 
	{Rowell}, G. and {Rudak}, B. and {Rulten}, C.~B. and {Ruppel}, J. and 
	{Sahakian}, V. and {Sanchez}, D.~A. and {Santangelo}, A. and 
	{Schlickeiser}, R. and {Sch{\"o}ck}, F.~M. and {Schulz}, A. and 
	{Schwanke}, U. and {Schwarzburg}, S. and {Schwemmer}, S. and 
	{Sheidaei}, F. and {Skilton}, J.~L. and {Sol}, H. and {Spengler}, G. and 
	{Stawarz}, {\L}. and {Steenkamp}, R. and {Stegmann}, C. and 
	{Stinzing}, F. and {Stycz}, K. and {Sushch}, I. and {Szostek}, A. and 
	{Tavernet}, J.-P. and {Terrier}, R. and {Tluczykont}, M. and 
	{Valerius}, K. and {van Eldik}, C. and {Vasileiadis}, G. and 
	{Venter}, C. and {Vialle}, J.~P. and {Viana}, A. and {Vincent}, P. and 
	{V{\"o}lk}, H.~J. and {Volpe}, F. and {Vorobiov}, S. and {Vorster}, M. and 
	{Wagner}, S.~J. and {Ward}, M. and {White}, R. and {Wierzcholska}, A. and 
	{Zacharias}, M. and {Zajczyk}, A. and {Zdziarski}, A.~A. and 
	{Zech}, A. and {Zechlin}, H.-S.},
    title = "{Discovery of VHE emission towards the Carina arm region with the H.E.S.S. telescope array: HESS J1018-589}",
  journal = {ArXiv e-prints},
archivePrefix = "arXiv",
   eprint = {1203.3215},
 primaryClass = "astro-ph.HE",
 keywords = {Astrophysics - High Energy Astrophysical Phenomena},
     year = 2012,
    month = mar,
   adsurl = {http://adsabs.harvard.edu/abs/2012arXiv1203.3215H},
  adsnote = {Provided by the SAO/NASA Astrophysics Data System}
}
@ARTICLE{2012arXiv1205.0719D,
   author = {{de los Reyes}, R. and {Zajczyk}, A. and {Chaves}, R.~C.~G. and 
	{for the H.~E.~S.~S.~collaboration}},
    title = "{A newly discovered VHE gamma-ray PWN candidate around PSR J1459-60}",
  journal = {ArXiv e-prints},
archivePrefix = "arXiv",
   eprint = {1205.0719},
 primaryClass = "astro-ph.HE",
 keywords = {Astrophysics - High Energy Astrophysical Phenomena},
     year = 2012,
    month = may,
   adsurl = {http://adsabs.harvard.edu/abs/2012arXiv1205.0719D},
  adsnote = {Provided by the SAO/NASA Astrophysics Data System}
}
